date,product,region,units_sold,price_per_unit,revenue,cost,profit,profit_margin,age_group,gender
2025-01-31,Good Humor Classic Bar,Northeast,65,2.73,177.45,119.37,58.08,0.3273,<18,Male
2025-01-31,Good Humor Classic Bar,Northeast,3,2.73,8.19,5.51,2.68,0.3273,<18,Female
2025-01-31,Good Humor Classic Bar,Northeast,87,2.73,237.51,159.78,77.73,0.3273,<18,Non-binary
2025-01-31,Good Humor Classic Bar,Northeast,196,2.73,535.08,359.96,175.12,0.3273,<18,Prefer not to say
2025-01-31,Good Humor Classic Bar,Northeast,66,2.73,180.18,121.21,58.97,0.3273,18-34,Male
2025-01-31,Good Humor Classic Bar,Northeast,3,2.73,8.19,5.51,2.68,0.3273,18-34,Female
2025-01-31,Good Humor Classic Bar,Northeast,89,2.73,242.97,163.45,79.52,0.3273,18-34,Non-binary
2025-01-31,Good Humor Classic Bar,Northeast,200,2.73,546.0,367.31,178.69,0.3273,18-34,Prefer not to say
2025-01-31,Good Humor Classic Bar,Northeast,78,2.73,212.94,143.25,69.69,0.3273,35-54,Male
2025-01-31,Good Humor Classic Bar,Northeast,4,2.73,10.92,7.35,3.57,0.3273,35-54,Female
2025-01-31,Good Humor Classic Bar,Northeast,105,2.73,286.65,192.84,93.81,0.3273,35-54,Non-binary
2025-01-31,Good Humor Classic Bar,Northeast,237,2.73,647.01,435.26,211.75,0.3273,35-54,Prefer not to say
2025-01-31,Good Humor Classic Bar,Northeast,41,2.73,111.93,75.3,36.63,0.3273,55+,Male
2025-01-31,Good Humor Classic Bar,Northeast,2,2.73,5.46,3.67,1.79,0.3273,55+,Female
2025-01-31,Good Humor Classic Bar,Northeast,55,2.73,150.15,101.01,49.14,0.3273,55+,Non-binary
2025-01-31,Good Humor Classic Bar,Northeast,124,2.73,338.52,227.73,110.79,0.3273,55+,Prefer not to say
2025-01-31,Good Humor Classic Bar,Midwest,42,2.77,116.34,86.36,29.98,0.2577,<18,Male
2025-01-31,Good Humor Classic Bar,Midwest,54,2.77,149.58,111.03,38.55,0.2577,<18,Female
2025-01-31,Good Humor Classic Bar,Midwest,93,2.77,257.61,191.23,66.38,0.2577,<18,Non-binary
2025-01-31,Good Humor Classic Bar,Midwest,88,2.77,243.76,180.94,62.82,0.2577,<18,Prefer not to say
2025-01-31,Good Humor Classic Bar,Midwest,18,2.77,49.86,37.01,12.85,0.2577,18-34,Male
2025-01-31,Good Humor Classic Bar,Midwest,24,2.77,66.48,49.35,17.13,0.2577,18-34,Female
2025-01-31,Good Humor Classic Bar,Midwest,41,2.77,113.57,84.3,29.27,0.2577,18-34,Non-binary
2025-01-31,Good Humor Classic Bar,Midwest,39,2.77,108.03,80.19,27.84,0.2577,18-34,Prefer not to say
2025-01-31,Good Humor Classic Bar,Midwest,96,2.77,265.92,197.39,68.53,0.2577,35-54,Male
2025-01-31,Good Humor Classic Bar,Midwest,125,2.77,346.25,257.02,89.23,0.2577,35-54,Female
2025-01-31,Good Humor Classic Bar,Midwest,215,2.77,595.55,442.08,153.47,0.2577,35-54,Non-binary
2025-01-31,Good Humor Classic Bar,Midwest,203,2.77,562.31,417.41,144.9,0.2577,35-54,Prefer not to say
2025-01-31,Good Humor Classic Bar,Midwest,28,2.77,77.56,57.57,19.99,0.2577,55+,Male
2025-01-31,Good Humor Classic Bar,Midwest,37,2.77,102.49,76.08,26.41,0.2577,55+,Female
2025-01-31,Good Humor Classic Bar,Midwest,64,2.77,177.28,131.6,45.68,0.2577,55+,Non-binary
2025-01-31,Good Humor Classic Bar,Midwest,60,2.77,166.2,123.37,42.83,0.2577,55+,Prefer not to say
2025-01-31,Good Humor Classic Bar,South,288,1.7,489.6,311.65,177.95,0.3635,<18,Male
2025-01-31,Good Humor Classic Bar,South,31,1.7,52.7,33.55,19.15,0.3635,<18,Female
2025-01-31,Good Humor Classic Bar,South,7,1.7,11.9,7.57,4.33,0.3635,<18,Non-binary
2025-01-31,Good Humor Classic Bar,South,24,1.7,40.8,25.97,14.83,0.3635,<18,Prefer not to say
2025-01-31,Good Humor Classic Bar,South,228,1.7,387.6,246.72,140.88,0.3635,18-34,Male
2025-01-31,Good Humor Classic Bar,South,25,1.7,42.5,27.05,15.45,0.3635,18-34,Female
2025-01-31,Good Humor Classic Bar,South,6,1.7,10.2,6.49,3.71,0.3635,18-34,Non-binary
2025-01-31,Good Humor Classic Bar,South,19,1.7,32.3,20.56,11.74,0.3635,18-34,Prefer not to say
2025-01-31,Good Humor Classic Bar,South,388,1.7,659.6,419.86,239.74,0.3635,35-54,Male
2025-01-31,Good Humor Classic Bar,South,42,1.7,71.4,45.45,25.95,0.3635,35-54,Female
2025-01-31,Good Humor Classic Bar,South,10,1.7,17.0,10.82,6.18,0.3635,35-54,Non-binary
2025-01-31,Good Humor Classic Bar,South,33,1.7,56.1,35.71,20.39,0.3635,35-54,Prefer not to say
2025-01-31,Good Humor Classic Bar,South,653,1.7,1110.1,706.63,403.47,0.3635,55+,Male
2025-01-31,Good Humor Classic Bar,South,70,1.7,119.0,75.75,43.25,0.3635,55+,Female
2025-01-31,Good Humor Classic Bar,South,17,1.7,28.9,18.4,10.5,0.3635,55+,Non-binary
2025-01-31,Good Humor Classic Bar,South,55,1.7,93.5,59.52,33.98,0.3635,55+,Prefer not to say
2025-01-31,Good Humor Classic Bar,West,43,2.37,101.91,67.01,34.9,0.3425,<18,Male
2025-01-31,Good Humor Classic Bar,West,51,2.37,120.87,79.48,41.39,0.3425,<18,Female
2025-01-31,Good Humor Classic Bar,West,131,2.37,310.47,204.14,106.33,0.3425,<18,Non-binary
2025-01-31,Good Humor Classic Bar,West,53,2.37,125.61,82.59,43.02,0.3425,<18,Prefer not to say
2025-01-31,Good Humor Classic Bar,West,67,2.37,158.79,104.41,54.38,0.3425,18-34,Male
2025-01-31,Good Humor Classic Bar,West,79,2.37,187.23,123.11,64.12,0.3425,18-34,Female
2025-01-31,Good Humor Classic Bar,West,205,2.37,485.85,319.46,166.39,0.3425,18-34,Non-binary
2025-01-31,Good Humor Classic Bar,West,83,2.37,196.71,129.34,67.37,0.3425,18-34,Prefer not to say
2025-01-31,Good Humor Classic Bar,West,85,2.37,201.45,132.46,68.99,0.3425,35-54,Male
2025-01-31,Good Humor Classic Bar,West,101,2.37,239.37,157.39,81.98,0.3425,35-54,Female
2025-01-31,Good Humor Classic Bar,West,259,2.37,613.83,403.61,210.22,0.3425,35-54,Non-binary
2025-01-31,Good Humor Classic Bar,West,105,2.37,248.85,163.63,85.22,0.3425,35-54,Prefer not to say
2025-01-31,Good Humor Classic Bar,West,1,2.37,2.37,1.56,0.81,0.3425,55+,Male
2025-01-31,Good Humor Classic Bar,West,2,2.37,4.74,3.12,1.62,0.3425,55+,Female
2025-01-31,Good Humor Classic Bar,West,4,2.37,9.48,6.23,3.25,0.3425,55+,Non-binary
2025-01-31,Good Humor Classic Bar,West,2,2.37,4.74,3.12,1.62,0.3425,55+,Prefer not to say
2025-01-31,Good Humor Strawberry Shortcake Bar,Northeast,11,2.83,31.13,23.37,7.76,0.2492,<18,Male
2025-01-31,Good Humor Strawberry Shortcake Bar,Northeast,2,2.83,5.66,4.25,1.41,0.2492,<18,Female
2025-01-31,Good Humor Strawberry Shortcake Bar,Northeast,27,2.83,76.41,57.37,19.04,0.2492,<18,Prefer not to say
2025-01-31,Good Humor Strawberry Shortcake Bar,Northeast,191,2.83,540.53,405.83,134.7,0.2492,18-34,Male
2025-01-31,Good Humor Strawberry Shortcake Bar,Northeast,36,2.83,101.88,76.49,25.39,0.2492,18-34,Female
2025-01-31,Good Humor Strawberry Shortcake Bar,Northeast,489,2.83,1383.87,1039.0,344.87,0.2492,18-34,Prefer not to say
2025-01-31,Good Humor Strawberry Shortcake Bar,Northeast,139,2.83,393.37,295.34,98.03,0.2492,35-54,Male
2025-01-31,Good Humor Strawberry Shortcake Bar,Northeast,27,2.83,76.41,57.37,19.04,0.2492,35-54,Female
2025-01-31,Good Humor Strawberry Shortcake Bar,Northeast,357,2.83,1010.31,758.53,251.78,0.2492,35-54,Prefer not to say
2025-01-31,Good Humor Strawberry Shortcake Bar,Northeast,7,2.83,19.81,14.87,4.94,0.2492,55+,Male
2025-01-31,Good Humor Strawberry Shortcake Bar,Northeast,1,2.83,2.83,2.12,0.71,0.2492,55+,Female
2025-01-31,Good Humor Strawberry Shortcake Bar,Northeast,19,2.83,53.77,40.37,13.4,0.2492,55+,Prefer not to say
2025-01-31,Good Humor Strawberry Shortcake Bar,Midwest,2,2.18,4.36,2.97,1.39,0.3182,<18,Female
2025-01-31,Good Humor Strawberry Shortcake Bar,Midwest,1,2.18,2.18,1.49,0.69,0.3182,<18,Prefer not to say
2025-01-31,Good Humor Strawberry Shortcake Bar,Midwest,12,2.18,26.16,17.84,8.32,0.3182,18-34,Male
2025-01-31,Good Humor Strawberry Shortcake Bar,Midwest,203,2.18,442.54,301.71,140.83,0.3182,18-34,Female
2025-01-31,Good Humor Strawberry Shortcake Bar,Midwest,45,2.18,98.1,66.88,31.22,0.3182,18-34,Non-binary
2025-01-31,Good Humor Strawberry Shortcake Bar,Midwest,70,2.18,152.6,104.04,48.56,0.3182,18-34,Prefer not to say
2025-01-31,Good Humor Strawberry Shortcake Bar,Midwest,5,2.18,10.9,7.43,3.47,0.3182,35-54,Male
2025-01-31,Good Humor Strawberry Shortcake Bar,Midwest,79,2.18,172.22,117.42,54.8,0.3182,35-54,Female
2025-01-31,Good Humor Strawberry Shortcake Bar,Midwest,18,2.18,39.24,26.75,12.49,0.3182,35-54,Non-binary
2025-01-31,Good Humor Strawberry Shortcake Bar,Midwest,27,2.18,58.86,40.13,18.73,0.3182,35-54,Prefer not to say
2025-01-31,Good Humor Strawberry Shortcake Bar,Midwest,22,2.18,47.96,32.7,15.26,0.3182,55+,Male
2025-01-31,Good Humor Strawberry Shortcake Bar,Midwest,375,2.18,817.5,557.35,260.15,0.3182,55+,Female
2025-01-31,Good Humor Strawberry Shortcake Bar,Midwest,83,2.18,180.94,123.36,57.58,0.3182,55+,Non-binary
2025-01-31,Good Humor Strawberry Shortcake Bar,Midwest,128,2.18,279.04,190.24,88.8,0.3182,55+,Prefer not to say
2025-01-31,Good Humor Strawberry Shortcake Bar,South,12,2.56,30.72,20.23,10.49,0.3416,<18,Male
2025-01-31,Good Humor Strawberry Shortcake Bar,South,68,2.56,174.08,114.62,59.46,0.3416,<18,Female
2025-01-31,Good Humor Strawberry Shortcake Bar,South,19,2.56,48.64,32.03,16.61,0.3416,<18,Non-binary
2025-01-31,Good Humor Strawberry Shortcake Bar,South,128,2.56,327.68,215.76,111.92,0.3416,<18,Prefer not to say
2025-01-31,Good Humor Strawberry Shortcake Bar,South,6,2.56,15.36,10.11,5.25,0.3416,18-34,Male
2025-01-31,Good Humor Strawberry Shortcake Bar,South,34,2.56,87.04,57.31,29.73,0.3416,18-34,Female
2025-01-31,Good Humor Strawberry Shortcake Bar,South,10,2.56,25.6,16.86,8.74,0.3416,18-34,Non-binary
2025-01-31,Good Humor Strawberry Shortcake Bar,South,63,2.56,161.28,106.19,55.09,0.3416,18-34,Prefer not to say
2025-01-31,Good Humor Strawberry Shortcake Bar,South,32,2.56,81.92,53.94,27.98,0.3416,35-54,Male
2025-01-31,Good Humor Strawberry Shortcake Bar,South,179,2.56,458.24,301.72,156.52,0.3416,35-54,Female
2025-01-31,Good Humor Strawberry Shortcake Bar,South,51,2.56,130.56,85.97,44.59,0.3416,35-54,Non-binary
2025-01-31,Good Humor Strawberry Shortcake Bar,South,335,2.56,857.6,564.67,292.93,0.3416,35-54,Prefer not to say
2025-01-31,Good Humor Strawberry Shortcake Bar,South,42,2.56,107.52,70.79,36.73,0.3416,55+,Male
2025-01-31,Good Humor Strawberry Shortcake Bar,South,234,2.56,599.04,394.43,204.61,0.3416,55+,Female
2025-01-31,Good Humor Strawberry Shortcake Bar,South,66,2.56,168.96,111.25,57.71,0.3416,55+,Non-binary
2025-01-31,Good Humor Strawberry Shortcake Bar,South,438,2.56,1121.28,738.29,382.99,0.3416,55+,Prefer not to say
2025-01-31,Good Humor Strawberry Shortcake Bar,West,6,2.23,13.38,8.71,4.67,0.349,<18,Male
2025-01-31,Good Humor Strawberry Shortcake Bar,West,42,2.23,93.66,60.98,32.68,0.349,<18,Female
2025-01-31,Good Humor Strawberry Shortcake Bar,West,42,2.23,93.66,60.98,32.68,0.349,<18,Non-binary
2025-01-31,Good Humor Strawberry Shortcake Bar,West,9,2.23,20.07,13.07,7.0,0.349,<18,Prefer not to say
2025-01-31,Good Humor Strawberry Shortcake Bar,West,29,2.23,64.67,42.1,22.57,0.349,18-34,Male
2025-01-31,Good Humor Strawberry Shortcake Bar,West,217,2.23,483.91,315.04,168.87,0.349,18-34,Female
2025-01-31,Good Humor Strawberry Shortcake Bar,West,216,2.23,481.68,313.59,168.09,0.349,18-34,Non-binary
2025-01-31,Good Humor Strawberry Shortcake Bar,West,49,2.23,109.27,71.14,38.13,0.349,18-34,Prefer not to say
2025-01-31,Good Humor Strawberry Shortcake Bar,West,3,2.23,6.69,4.36,2.33,0.349,35-54,Male
2025-01-31,Good Humor Strawberry Shortcake Bar,West,22,2.23,49.06,31.94,17.12,0.349,35-54,Female
2025-01-31,Good Humor Strawberry Shortcake Bar,West,22,2.23,49.06,31.94,17.12,0.349,35-54,Non-binary
2025-01-31,Good Humor Strawberry Shortcake Bar,West,5,2.23,11.15,7.26,3.89,0.349,35-54,Prefer not to say
2025-01-31,Good Humor Strawberry Shortcake Bar,West,65,2.23,144.95,94.37,50.58,0.349,55+,Male
2025-01-31,Good Humor Strawberry Shortcake Bar,West,482,2.23,1074.86,699.78,375.08,0.349,55+,Female
2025-01-31,Good Humor Strawberry Shortcake Bar,West,479,2.23,1068.17,695.42,372.75,0.349,55+,Non-binary
2025-01-31,Good Humor Strawberry Shortcake Bar,West,109,2.23,243.07,158.25,84.82,0.349,55+,Prefer not to say
2025-01-31,Good Humor Chocolate Eclair Bar,Northeast,29,1.89,54.81,36.44,18.37,0.3351,<18,Male
2025-01-31,Good Humor Chocolate Eclair Bar,Northeast,25,1.89,47.25,31.41,15.84,0.3351,<18,Female
2025-01-31,Good Humor Chocolate Eclair Bar,Northeast,108,1.89,204.12,135.71,68.41,0.3351,<18,Non-binary
2025-01-31,Good Humor Chocolate Eclair Bar,Northeast,169,1.89,319.41,212.36,107.05,0.3351,<18,Prefer not to say
2025-01-31,Good Humor Chocolate Eclair Bar,Northeast,2,1.89,3.78,2.51,1.27,0.3351,18-34,Male
2025-01-31,Good Humor Chocolate Eclair Bar,Northeast,2,1.89,3.78,2.51,1.27,0.3351,18-34,Female
2025-01-31,Good Humor Chocolate Eclair Bar,Northeast,7,1.89,13.23,8.8,4.43,0.3351,18-34,Non-binary
2025-01-31,Good Humor Chocolate Eclair Bar,Northeast,12,1.89,22.68,15.08,7.6,0.3351,18-34,Prefer not to say
2025-01-31,Good Humor Chocolate Eclair Bar,Northeast,60,1.89,113.4,75.4,38.0,0.3351,35-54,Male
2025-01-31,Good Humor Chocolate Eclair Bar,Northeast,51,1.89,96.39,64.09,32.3,0.3351,35-54,Female
2025-01-31,Good Humor Chocolate Eclair Bar,Northeast,220,1.89,415.8,276.45,139.35,0.3351,35-54,Non-binary
2025-01-31,Good Humor Chocolate Eclair Bar,Northeast,344,1.89,650.16,432.27,217.89,0.3351,35-54,Prefer not to say
2025-01-31,Good Humor Chocolate Eclair Bar,Northeast,3,1.89,5.67,3.77,1.9,0.3351,55+,Male
2025-01-31,Good Humor Chocolate Eclair Bar,Northeast,3,1.89,5.67,3.77,1.9,0.3351,55+,Female
2025-01-31,Good Humor Chocolate Eclair Bar,Northeast,12,1.89,22.68,15.08,7.6,0.3351,55+,Non-binary
2025-01-31,Good Humor Chocolate Eclair Bar,Northeast,19,1.89,35.91,23.88,12.03,0.3351,55+,Prefer not to say
2025-01-31,Good Humor Chocolate Eclair Bar,Midwest,170,2.42,411.4,278.71,132.69,0.3225,<18,Male
2025-01-31,Good Humor Chocolate Eclair Bar,Midwest,27,2.42,65.34,44.27,21.07,0.3225,<18,Female
2025-01-31,Good Humor Chocolate Eclair Bar,Midwest,16,2.42,38.72,26.23,12.49,0.3225,<18,Non-binary
2025-01-31,Good Humor Chocolate Eclair Bar,Midwest,1,2.42,2.42,1.64,0.78,0.3225,<18,Prefer not to say
2025-01-31,Good Humor Chocolate Eclair Bar,Midwest,664,2.42,1606.88,1088.61,518.27,0.3225,18-34,Male
2025-01-31,Good Humor Chocolate Eclair Bar,Midwest,105,2.42,254.1,172.15,81.95,0.3225,18-34,Female
2025-01-31,Good Humor Chocolate Eclair Bar,Midwest,64,2.42,154.88,104.93,49.95,0.3225,18-34,Non-binary
2025-01-31,Good Humor Chocolate Eclair Bar,Midwest,3,2.42,7.26,4.92,2.34,0.3225,18-34,Prefer not to say
2025-01-31,Good Humor Chocolate Eclair Bar,Midwest,176,2.42,425.92,288.55,137.37,0.3225,35-54,Male
2025-01-31,Good Humor Chocolate Eclair Bar,Midwest,28,2.42,67.76,45.91,21.85,0.3225,35-54,Female
2025-01-31,Good Humor Chocolate Eclair Bar,Midwest,17,2.42,41.14,27.87,13.27,0.3225,35-54,Non-binary
2025-01-31,Good Humor Chocolate Eclair Bar,Midwest,1,2.42,2.42,1.64,0.78,0.3225,35-54,Prefer not to say
2025-01-31,Good Humor Chocolate Eclair Bar,Midwest,515,2.42,1246.3,844.33,401.97,0.3225,55+,Male
2025-01-31,Good Humor Chocolate Eclair Bar,Midwest,82,2.42,198.44,134.44,64.0,0.3225,55+,Female
2025-01-31,Good Humor Chocolate Eclair Bar,Midwest,49,2.42,118.58,80.33,38.25,0.3225,55+,Non-binary
2025-01-31,Good Humor Chocolate Eclair Bar,Midwest,2,2.42,4.84,3.28,1.56,0.3225,55+,Prefer not to say
2025-01-31,Good Humor Chocolate Eclair Bar,South,50,2.44,122.0,79.95,42.05,0.3446,<18,Male
2025-01-31,Good Humor Chocolate Eclair Bar,South,120,2.44,292.8,191.89,100.91,0.3446,<18,Female
2025-01-31,Good Humor Chocolate Eclair Bar,South,65,2.44,158.6,103.94,54.66,0.3446,<18,Non-binary
2025-01-31,Good Humor Chocolate Eclair Bar,South,94,2.44,229.36,150.31,79.05,0.3446,<18,Prefer not to say
2025-01-31,Good Humor Chocolate Eclair Bar,South,3,2.44,7.32,4.8,2.52,0.3446,18-34,Male
2025-01-31,Good Humor Chocolate Eclair Bar,South,7,2.44,17.08,11.19,5.89,0.3446,18-34,Female
2025-01-31,Good Humor Chocolate Eclair Bar,South,4,2.44,9.76,6.4,3.36,0.3446,18-34,Non-binary
2025-01-31,Good Humor Chocolate Eclair Bar,South,5,2.44,12.2,8.0,4.2,0.3446,18-34,Prefer not to say
2025-01-31,Good Humor Chocolate Eclair Bar,South,18,2.44,43.92,28.78,15.14,0.3446,35-54,Male
2025-01-31,Good Humor Chocolate Eclair Bar,South,43,2.44,104.92,68.76,36.16,0.3446,35-54,Female
2025-01-31,Good Humor Chocolate Eclair Bar,South,23,2.44,56.12,36.78,19.34,0.3446,35-54,Non-binary
2025-01-31,Good Humor Chocolate Eclair Bar,South,34,2.44,82.96,54.37,28.59,0.3446,35-54,Prefer not to say
2025-01-31,Good Humor Chocolate Eclair Bar,South,55,2.44,134.2,87.95,46.25,0.3446,55+,Male
2025-01-31,Good Humor Chocolate Eclair Bar,South,133,2.44,324.52,212.67,111.85,0.3446,55+,Female
2025-01-31,Good Humor Chocolate Eclair Bar,South,72,2.44,175.68,115.13,60.55,0.3446,55+,Non-binary
2025-01-31,Good Humor Chocolate Eclair Bar,South,104,2.44,253.76,166.3,87.46,0.3446,55+,Prefer not to say
2025-01-31,Good Humor Chocolate Eclair Bar,West,94,2.32,218.08,168.76,49.32,0.2262,<18,Male
2025-01-31,Good Humor Chocolate Eclair Bar,West,5,2.32,11.6,8.98,2.62,0.2262,<18,Female
2025-01-31,Good Humor Chocolate Eclair Bar,West,23,2.32,53.36,41.29,12.07,0.2262,<18,Non-binary
2025-01-31,Good Humor Chocolate Eclair Bar,West,34,2.32,78.88,61.04,17.84,0.2262,<18,Prefer not to say
2025-01-31,Good Humor Chocolate Eclair Bar,West,62,2.32,143.84,111.31,32.53,0.2262,18-34,Male
2025-01-31,Good Humor Chocolate Eclair Bar,West,3,2.32,6.96,5.39,1.57,0.2262,18-34,Female
2025-01-31,Good Humor Chocolate Eclair Bar,West,15,2.32,34.8,26.93,7.87,0.2262,18-34,Non-binary
2025-01-31,Good Humor Chocolate Eclair Bar,West,22,2.32,51.04,39.5,11.54,0.2262,18-34,Prefer not to say
2025-01-31,Good Humor Chocolate Eclair Bar,West,41,2.32,95.12,73.61,21.51,0.2262,35-54,Male
2025-01-31,Good Humor Chocolate Eclair Bar,West,2,2.32,4.64,3.59,1.05,0.2262,35-54,Female
2025-01-31,Good Humor Chocolate Eclair Bar,West,10,2.32,23.2,17.95,5.25,0.2262,35-54,Non-binary
2025-01-31,Good Humor Chocolate Eclair Bar,West,15,2.32,34.8,26.93,7.87,0.2262,35-54,Prefer not to say
2025-01-31,Good Humor Chocolate Eclair Bar,West,190,2.32,440.8,341.11,99.69,0.2262,55+,Male
2025-01-31,Good Humor Chocolate Eclair Bar,West,10,2.32,23.2,17.95,5.25,0.2262,55+,Female
2025-01-31,Good Humor Chocolate Eclair Bar,West,47,2.32,109.04,84.38,24.66,0.2262,55+,Non-binary
2025-01-31,Good Humor Chocolate Eclair Bar,West,68,2.32,157.76,122.08,35.68,0.2262,55+,Prefer not to say
2025-02-28,Good Humor Classic Bar,Northeast,67,2.31,154.77,119.08,35.69,0.2306,<18,Male
2025-02-28,Good Humor Classic Bar,Northeast,1,2.31,2.31,1.78,0.53,0.2306,<18,Female
2025-02-28,Good Humor Classic Bar,Northeast,9,2.31,20.79,16.0,4.79,0.2306,<18,Non-binary
2025-02-28,Good Humor Classic Bar,Northeast,24,2.31,55.44,42.66,12.78,0.2306,<18,Prefer not to say
2025-02-28,Good Humor Classic Bar,Northeast,360,2.31,831.6,639.84,191.76,0.2306,18-34,Male
2025-02-28,Good Humor Classic Bar,Northeast,4,2.31,9.24,7.11,2.13,0.2306,18-34,Female
2025-02-28,Good Humor Classic Bar,Northeast,47,2.31,108.57,83.54,25.03,0.2306,18-34,Non-binary
2025-02-28,Good Humor Classic Bar,Northeast,129,2.31,297.99,229.28,68.71,0.2306,18-34,Prefer not to say
2025-02-28,Good Humor Classic Bar,Northeast,202,2.31,466.62,359.02,107.6,0.2306,35-54,Male
2025-02-28,Good Humor Classic Bar,Northeast,3,2.31,6.93,5.33,1.6,0.2306,35-54,Female
2025-02-28,Good Humor Classic Bar,Northeast,26,2.31,60.06,46.21,13.85,0.2306,35-54,Non-binary
2025-02-28,Good Humor Classic Bar,Northeast,73,2.31,168.63,129.75,38.88,0.2306,35-54,Prefer not to say
2025-02-28,Good Humor Classic Bar,Northeast,212,2.31,489.72,376.8,112.92,0.2306,55+,Male
2025-02-28,Good Humor Classic Bar,Northeast,3,2.31,6.93,5.33,1.6,0.2306,55+,Female
2025-02-28,Good Humor Classic Bar,Northeast,28,2.31,64.68,49.77,14.91,0.2306,55+,Non-binary
2025-02-28,Good Humor Classic Bar,Northeast,76,2.31,175.56,135.08,40.48,0.2306,55+,Prefer not to say
2025-02-28,Good Humor Classic Bar,Midwest,23,2.92,67.16,48.82,18.34,0.2731,<18,Male
2025-02-28,Good Humor Classic Bar,Midwest,164,2.92,478.88,348.12,130.76,0.2731,<18,Female
2025-02-28,Good Humor Classic Bar,Midwest,185,2.92,540.2,392.7,147.5,0.2731,<18,Non-binary
2025-02-28,Good Humor Classic Bar,Midwest,168,2.92,490.56,356.61,133.95,0.2731,<18,Prefer not to say
2025-02-28,Good Humor Classic Bar,Midwest,7,2.92,20.44,14.86,5.58,0.2731,18-34,Male
2025-02-28,Good Humor Classic Bar,Midwest,52,2.92,151.84,110.38,41.46,0.2731,18-34,Female
2025-02-28,Good Humor Classic Bar,Midwest,59,2.92,172.28,125.24,47.04,0.2731,18-34,Non-binary
2025-02-28,Good Humor Classic Bar,Midwest,54,2.92,157.68,114.62,43.06,0.2731,18-34,Prefer not to say
2025-02-28,Good Humor Classic Bar,Midwest,22,2.92,64.24,46.7,17.54,0.2731,35-54,Male
2025-02-28,Good Humor Classic Bar,Midwest,160,2.92,467.2,339.63,127.57,0.2731,35-54,Female
2025-02-28,Good Humor Classic Bar,Midwest,181,2.92,528.52,384.2,144.32,0.2731,35-54,Non-binary
2025-02-28,Good Humor Classic Bar,Midwest,165,2.92,481.8,350.24,131.56,0.2731,35-54,Prefer not to say
2025-02-28,Good Humor Classic Bar,Midwest,3,2.92,8.76,6.37,2.39,0.2731,55+,Male
2025-02-28,Good Humor Classic Bar,Midwest,21,2.92,61.32,44.58,16.74,0.2731,55+,Female
2025-02-28,Good Humor Classic Bar,Midwest,24,2.92,70.08,50.94,19.14,0.2731,55+,Non-binary
2025-02-28,Good Humor Classic Bar,Midwest,22,2.92,64.24,46.7,17.54,0.2731,55+,Prefer not to say
2025-02-28,Good Humor Classic Bar,South,297,2.73,810.81,519.12,291.69,0.3597,<18,Male
2025-02-28,Good Humor Classic Bar,South,182,2.73,496.86,318.12,178.74,0.3597,<18,Female
2025-02-28,Good Humor Classic Bar,South,39,2.73,106.47,68.17,38.3,0.3597,<18,Non-binary
2025-02-28,Good Humor Classic Bar,South,78,2.73,212.94,136.34,76.6,0.3597,<18,Prefer not to say
2025-02-28,Good Humor Classic Bar,South,54,2.73,147.42,94.39,53.03,0.3597,18-34,Male
2025-02-28,Good Humor Classic Bar,South,33,2.73,90.09,57.68,32.41,0.3597,18-34,Female
2025-02-28,Good Humor Classic Bar,South,7,2.73,19.11,12.24,6.87,0.3597,18-34,Non-binary
2025-02-28,Good Humor Classic Bar,South,14,2.73,38.22,24.47,13.75,0.3597,18-34,Prefer not to say
2025-02-28,Good Humor Classic Bar,South,224,2.73,611.52,391.53,219.99,0.3597,35-54,Male
2025-02-28,Good Humor Classic Bar,South,137,2.73,374.01,239.46,134.55,0.3597,35-54,Female
2025-02-28,Good Humor Classic Bar,South,30,2.73,81.9,52.44,29.46,0.3597,35-54,Non-binary
2025-02-28,Good Humor Classic Bar,South,59,2.73,161.07,103.13,57.94,0.3597,35-54,Prefer not to say
2025-02-28,Good Humor Classic Bar,South,75,2.73,204.75,131.09,73.66,0.3597,55+,Male
2025-02-28,Good Humor Classic Bar,South,46,2.73,125.58,80.4,45.18,0.3597,55+,Female
2025-02-28,Good Humor Classic Bar,South,10,2.73,27.3,17.48,9.82,0.3597,55+,Non-binary
2025-02-28,Good Humor Classic Bar,South,20,2.73,54.6,34.96,19.64,0.3597,55+,Prefer not to say
2025-02-28,Good Humor Classic Bar,West,4,2.8,11.2,7.39,3.81,0.3398,<18,Male
2025-02-28,Good Humor Classic Bar,West,211,2.8,590.8,390.02,200.78,0.3398,<18,Female
2025-02-28,Good Humor Classic Bar,West,78,2.8,218.4,144.18,74.22,0.3398,<18,Non-binary
2025-02-28,Good Humor Classic Bar,West,75,2.8,210.0,138.63,71.37,0.3398,<18,Prefer not to say
2025-02-28,Good Humor Classic Bar,West,1,2.8,2.8,1.85,0.95,0.3398,18-34,Male
2025-02-28,Good Humor Classic Bar,West,66,2.8,184.8,122.0,62.8,0.3398,18-34,Female
2025-02-28,Good Humor Classic Bar,West,24,2.8,67.2,44.36,22.84,0.3398,18-34,Non-binary
2025-02-28,Good Humor Classic Bar,West,23,2.8,64.4,42.51,21.89,0.3398,18-34,Prefer not to say
2025-02-28,Good Humor Classic Bar,West,3,2.8,8.4,5.55,2.85,0.3398,35-54,Male
2025-02-28,Good Humor Classic Bar,West,138,2.8,386.4,255.09,131.31,0.3398,35-54,Female
2025-02-28,Good Humor Classic Bar,West,51,2.8,142.8,94.27,48.53,0.3398,35-54,Non-binary
2025-02-28,Good Humor Classic Bar,West,49,2.8,137.2,90.57,46.63,0.3398,35-54,Prefer not to say
2025-02-28,Good Humor Classic Bar,West,11,2.8,30.8,20.33,10.47,0.3398,55+,Male
2025-02-28,Good Humor Classic Bar,West,575,2.8,1610.0,1062.86,547.14,0.3398,55+,Female
2025-02-28,Good Humor Classic Bar,West,213,2.8,596.4,393.72,202.68,0.3398,55+,Non-binary
2025-02-28,Good Humor Classic Bar,West,204,2.8,571.2,377.08,194.12,0.3398,55+,Prefer not to say
2025-02-28,Good Humor Strawberry Shortcake Bar,Northeast,24,1.87,44.88,34.67,10.21,0.2274,<18,Male
2025-02-28,Good Humor Strawberry Shortcake Bar,Northeast,167,1.87,312.29,241.26,71.03,0.2274,<18,Female
2025-02-28,Good Humor Strawberry Shortcake Bar,Northeast,77,1.87,143.99,111.24,32.75,0.2274,<18,Non-binary
2025-02-28,Good Humor Strawberry Shortcake Bar,Northeast,37,1.87,69.19,53.45,15.74,0.2274,<18,Prefer not to say
2025-02-28,Good Humor Strawberry Shortcake Bar,Northeast,43,1.87,80.41,62.12,18.29,0.2274,18-34,Male
2025-02-28,Good Humor Strawberry Shortcake Bar,Northeast,301,1.87,562.87,434.85,128.02,0.2274,18-34,Female
2025-02-28,Good Humor Strawberry Shortcake Bar,Northeast,138,1.87,258.06,199.37,58.69,0.2274,18-34,Non-binary
2025-02-28,Good Humor Strawberry Shortcake Bar,Northeast,66,1.87,123.42,95.35,28.07,0.2274,18-34,Prefer not to say
2025-02-28,Good Humor Strawberry Shortcake Bar,Northeast,26,1.87,48.62,37.56,11.06,0.2274,35-54,Male
2025-02-28,Good Humor Strawberry Shortcake Bar,Northeast,186,1.87,347.82,268.71,79.11,0.2274,35-54,Female
2025-02-28,Good Humor Strawberry Shortcake Bar,Northeast,85,1.87,158.95,122.8,36.15,0.2274,35-54,Non-binary
2025-02-28,Good Humor Strawberry Shortcake Bar,Northeast,41,1.87,76.67,59.23,17.44,0.2274,35-54,Prefer not to say
2025-02-28,Good Humor Strawberry Shortcake Bar,Northeast,14,1.87,26.18,20.23,5.95,0.2274,55+,Male
2025-02-28,Good Humor Strawberry Shortcake Bar,Northeast,102,1.87,190.74,147.36,43.38,0.2274,55+,Female
2025-02-28,Good Humor Strawberry Shortcake Bar,Northeast,47,1.87,87.89,67.9,19.99,0.2274,55+,Non-binary
2025-02-28,Good Humor Strawberry Shortcake Bar,Northeast,22,1.87,41.14,31.78,9.36,0.2274,55+,Prefer not to say
2025-02-28,Good Humor Strawberry Shortcake Bar,Midwest,2,2.27,4.54,3.41,1.13,0.248,<18,Male
2025-02-28,Good Humor Strawberry Shortcake Bar,Midwest,51,2.27,115.77,87.06,28.71,0.248,<18,Female
2025-02-28,Good Humor Strawberry Shortcake Bar,Midwest,255,2.27,578.85,435.3,143.55,0.248,<18,Non-binary
2025-02-28,Good Humor Strawberry Shortcake Bar,Midwest,63,2.27,143.01,107.55,35.46,0.248,<18,Prefer not to say
2025-02-28,Good Humor Strawberry Shortcake Bar,Midwest,3,2.27,6.81,5.12,1.69,0.248,18-34,Female
2025-02-28,Good Humor Strawberry Shortcake Bar,Midwest,15,2.27,34.05,25.61,8.44,0.248,18-34,Non-binary
2025-02-28,Good Humor Strawberry Shortcake Bar,Midwest,4,2.27,9.08,6.83,2.25,0.248,18-34,Prefer not to say
2025-02-28,Good Humor Strawberry Shortcake Bar,Midwest,8,2.27,18.16,13.66,4.5,0.248,35-54,Male
2025-02-28,Good Humor Strawberry Shortcake Bar,Midwest,174,2.27,394.98,297.03,97.95,0.248,35-54,Female
2025-02-28,Good Humor Strawberry Shortcake Bar,Midwest,879,2.27,1995.33,1500.51,494.82,0.248,35-54,Non-binary
2025-02-28,Good Humor Strawberry Shortcake Bar,Midwest,216,2.27,490.32,368.73,121.59,0.248,35-54,Prefer not to say
2025-02-28,Good Humor Strawberry Shortcake Bar,Midwest,9,2.27,20.43,15.36,5.07,0.248,55+,Female
2025-02-28,Good Humor Strawberry Shortcake Bar,Midwest,47,2.27,106.69,80.23,26.46,0.248,55+,Non-binary
2025-02-28,Good Humor Strawberry Shortcake Bar,Midwest,12,2.27,27.24,20.48,6.76,0.248,55+,Prefer not to say
2025-02-28,Good Humor Strawberry Shortcake Bar,South,41,1.94,79.54,61.51,18.03,0.2266,<18,Male
2025-02-28,Good Humor Strawberry Shortcake Bar,South,5,1.94,9.7,7.5,2.2,0.2266,<18,Female
2025-02-28,Good Humor Strawberry Shortcake Bar,South,3,1.94,5.82,4.5,1.32,0.2266,<18,Non-binary
2025-02-28,Good Humor Strawberry Shortcake Bar,South,86,1.94,166.84,129.03,37.81,0.2266,<18,Prefer not to say
2025-02-28,Good Humor Strawberry Shortcake Bar,South,14,1.94,27.16,21.0,6.16,0.2266,18-34,Male
2025-02-28,Good Humor Strawberry Shortcake Bar,South,2,1.94,3.88,3.0,0.88,0.2266,18-34,Female
2025-02-28,Good Humor Strawberry Shortcake Bar,South,1,1.94,1.94,1.5,0.44,0.2266,18-34,Non-binary
2025-02-28,Good Humor Strawberry Shortcake Bar,South,30,1.94,58.2,45.01,13.19,0.2266,18-34,Prefer not to say
2025-02-28,Good Humor Strawberry Shortcake Bar,South,393,1.94,762.42,589.63,172.79,0.2266,35-54,Male
2025-02-28,Good Humor Strawberry Shortcake Bar,South,49,1.94,95.06,73.52,21.54,0.2266,35-54,Female
2025-02-28,Good Humor Strawberry Shortcake Bar,South,30,1.94,58.2,45.01,13.19,0.2266,35-54,Non-binary
2025-02-28,Good Humor Strawberry Shortcake Bar,South,824,1.94,1598.56,1236.27,362.29,0.2266,35-54,Prefer not to say
2025-02-28,Good Humor Strawberry Shortcake Bar,South,137,1.94,265.78,205.54,60.24,0.2266,55+,Male
2025-02-28,Good Humor Strawberry Shortcake Bar,South,17,1.94,32.98,25.51,7.47,0.2266,55+,Female
2025-02-28,Good Humor Strawberry Shortcake Bar,South,11,1.94,21.34,16.5,4.84,0.2266,55+,Non-binary
2025-02-28,Good Humor Strawberry Shortcake Bar,South,287,1.94,556.78,430.59,126.19,0.2266,55+,Prefer not to say
2025-02-28,Good Humor Strawberry Shortcake Bar,West,281,1.72,483.32,304.57,178.75,0.3698,<18,Male
2025-02-28,Good Humor Strawberry Shortcake Bar,West,58,1.72,99.76,62.87,36.89,0.3698,<18,Female
2025-02-28,Good Humor Strawberry Shortcake Bar,West,451,1.72,775.72,488.84,286.88,0.3698,<18,Non-binary
2025-02-28,Good Humor Strawberry Shortcake Bar,West,12,1.72,20.64,13.01,7.63,0.3698,<18,Prefer not to say
2025-02-28,Good Humor Strawberry Shortcake Bar,West,168,1.72,288.96,182.09,106.87,0.3698,18-34,Male
2025-02-28,Good Humor Strawberry Shortcake Bar,West,35,1.72,60.2,37.94,22.26,0.3698,18-34,Female
2025-02-28,Good Humor Strawberry Shortcake Bar,West,271,1.72,466.12,293.74,172.38,0.3698,18-34,Non-binary
2025-02-28,Good Humor Strawberry Shortcake Bar,West,7,1.72,12.04,7.59,4.45,0.3698,18-34,Prefer not to say
2025-02-28,Good Humor Strawberry Shortcake Bar,West,58,1.72,99.76,62.87,36.89,0.3698,35-54,Male
2025-02-28,Good Humor Strawberry Shortcake Bar,West,12,1.72,20.64,13.01,7.63,0.3698,35-54,Female
2025-02-28,Good Humor Strawberry Shortcake Bar,West,93,1.72,159.96,100.8,59.16,0.3698,35-54,Non-binary
2025-02-28,Good Humor Strawberry Shortcake Bar,West,2,1.72,3.44,2.17,1.27,0.3698,35-54,Prefer not to say
2025-02-28,Good Humor Strawberry Shortcake Bar,West,3,1.72,5.16,3.25,1.91,0.3698,55+,Male
2025-02-28,Good Humor Strawberry Shortcake Bar,West,1,1.72,1.72,1.08,0.64,0.3698,55+,Female
2025-02-28,Good Humor Strawberry Shortcake Bar,West,5,1.72,8.6,5.42,3.18,0.3698,55+,Non-binary
2025-02-28,Good Humor Chocolate Eclair Bar,Northeast,331,2.01,665.31,527.34,137.97,0.2074,<18,Male
2025-02-28,Good Humor Chocolate Eclair Bar,Northeast,141,2.01,283.41,224.64,58.77,0.2074,<18,Female
2025-02-28,Good Humor Chocolate Eclair Bar,Northeast,129,2.01,259.29,205.52,53.77,0.2074,<18,Non-binary
2025-02-28,Good Humor Chocolate Eclair Bar,Northeast,71,2.01,142.71,113.12,29.59,0.2074,<18,Prefer not to say
2025-02-28,Good Humor Chocolate Eclair Bar,Northeast,42,2.01,84.42,66.91,17.51,0.2074,18-34,Male
2025-02-28,Good Humor Chocolate Eclair Bar,Northeast,18,2.01,36.18,28.68,7.5,0.2074,18-34,Female
2025-02-28,Good Humor Chocolate Eclair Bar,Northeast,16,2.01,32.16,25.49,6.67,0.2074,18-34,Non-binary
2025-02-28,Good Humor Chocolate Eclair Bar,Northeast,9,2.01,18.09,14.34,3.75,0.2074,18-34,Prefer not to say
2025-02-28,Good Humor Chocolate Eclair Bar,Northeast,87,2.01,174.87,138.61,36.26,0.2074,35-54,Male
2025-02-28,Good Humor Chocolate Eclair Bar,Northeast,37,2.01,74.37,58.95,15.42,0.2074,35-54,Female
2025-02-28,Good Humor Chocolate Eclair Bar,Northeast,34,2.01,68.34,54.17,14.17,0.2074,35-54,Non-binary
2025-02-28,Good Humor Chocolate Eclair Bar,Northeast,19,2.01,38.19,30.27,7.92,0.2074,35-54,Prefer not to say
2025-02-28,Good Humor Chocolate Eclair Bar,Northeast,83,2.01,166.83,132.23,34.6,0.2074,55+,Male
2025-02-28,Good Humor Chocolate Eclair Bar,Northeast,35,2.01,70.35,55.76,14.59,0.2074,55+,Female
2025-02-28,Good Humor Chocolate Eclair Bar,Northeast,32,2.01,64.32,50.98,13.34,0.2074,55+,Non-binary
2025-02-28,Good Humor Chocolate Eclair Bar,Northeast,18,2.01,36.18,28.68,7.5,0.2074,55+,Prefer not to say
2025-02-28,Good Humor Chocolate Eclair Bar,Midwest,7,2.02,14.14,8.72,5.42,0.3834,<18,Male
2025-02-28,Good Humor Chocolate Eclair Bar,Midwest,26,2.02,52.52,32.38,20.14,0.3834,<18,Female
2025-02-28,Good Humor Chocolate Eclair Bar,Midwest,15,2.02,30.3,18.68,11.62,0.3834,<18,Non-binary
2025-02-28,Good Humor Chocolate Eclair Bar,Midwest,4,2.02,8.08,4.98,3.1,0.3834,<18,Prefer not to say
2025-02-28,Good Humor Chocolate Eclair Bar,Midwest,69,2.02,139.38,85.94,53.44,0.3834,18-34,Male
2025-02-28,Good Humor Chocolate Eclair Bar,Midwest,247,2.02,498.94,307.65,191.29,0.3834,18-34,Female
2025-02-28,Good Humor Chocolate Eclair Bar,Midwest,143,2.02,288.86,178.11,110.75,0.3834,18-34,Non-binary
2025-02-28,Good Humor Chocolate Eclair Bar,Midwest,34,2.02,68.68,42.35,26.33,0.3834,18-34,Prefer not to say
2025-02-28,Good Humor Chocolate Eclair Bar,Midwest,27,2.02,54.54,33.63,20.91,0.3834,35-54,Male
2025-02-28,Good Humor Chocolate Eclair Bar,Midwest,97,2.02,195.94,120.82,75.12,0.3834,35-54,Female
2025-02-28,Good Humor Chocolate Eclair Bar,Midwest,56,2.02,113.12,69.75,43.37,0.3834,35-54,Non-binary
2025-02-28,Good Humor Chocolate Eclair Bar,Midwest,13,2.02,26.26,16.19,10.07,0.3834,35-54,Prefer not to say
2025-02-28,Good Humor Chocolate Eclair Bar,Midwest,86,2.02,173.72,107.12,66.6,0.3834,55+,Male
2025-02-28,Good Humor Chocolate Eclair Bar,Midwest,306,2.02,618.12,381.14,236.98,0.3834,55+,Female
2025-02-28,Good Humor Chocolate Eclair Bar,Midwest,177,2.02,357.54,220.46,137.08,0.3834,55+,Non-binary
2025-02-28,Good Humor Chocolate Eclair Bar,Midwest,42,2.02,84.84,52.31,32.53,0.3834,55+,Prefer not to say
2025-02-28,Good Humor Chocolate Eclair Bar,South,140,2.63,368.2,283.94,84.26,0.2288,<18,Male
2025-02-28,Good Humor Chocolate Eclair Bar,South,206,2.63,541.78,417.8,123.98,0.2288,<18,Female
2025-02-28,Good Humor Chocolate Eclair Bar,South,112,2.63,294.56,227.15,67.41,0.2288,<18,Non-binary
2025-02-28,Good Humor Chocolate Eclair Bar,South,138,2.63,362.94,279.88,83.06,0.2288,<18,Prefer not to say
2025-02-28,Good Humor Chocolate Eclair Bar,South,88,2.63,231.44,178.48,52.96,0.2288,18-34,Male
2025-02-28,Good Humor Chocolate Eclair Bar,South,129,2.63,339.27,261.63,77.64,0.2288,18-34,Female
2025-02-28,Good Humor Chocolate Eclair Bar,South,71,2.63,186.73,144.0,42.73,0.2288,18-34,Non-binary
2025-02-28,Good Humor Chocolate Eclair Bar,South,86,2.63,226.18,174.42,51.76,0.2288,18-34,Prefer not to say
2025-02-28,Good Humor Chocolate Eclair Bar,South,55,2.63,144.65,111.55,33.1,0.2288,35-54,Male
2025-02-28,Good Humor Chocolate Eclair Bar,South,80,2.63,210.4,162.25,48.15,0.2288,35-54,Female
2025-02-28,Good Humor Chocolate Eclair Bar,South,44,2.63,115.72,89.24,26.48,0.2288,35-54,Non-binary
2025-02-28,Good Humor Chocolate Eclair Bar,South,54,2.63,142.02,109.52,32.5,0.2288,35-54,Prefer not to say
2025-02-28,Good Humor Chocolate Eclair Bar,South,179,2.63,470.77,363.04,107.73,0.2288,55+,Male
2025-02-28,Good Humor Chocolate Eclair Bar,South,263,2.63,691.69,533.4,158.29,0.2288,55+,Female
2025-02-28,Good Humor Chocolate Eclair Bar,South,144,2.63,378.72,292.05,86.67,0.2288,55+,Non-binary
2025-02-28,Good Humor Chocolate Eclair Bar,South,176,2.63,462.88,356.95,105.93,0.2288,55+,Prefer not to say
2025-02-28,Good Humor Chocolate Eclair Bar,West,9,2.12,19.08,15.05,4.03,0.2115,<18,Male
2025-02-28,Good Humor Chocolate Eclair Bar,West,14,2.12,29.68,23.4,6.28,0.2115,<18,Female
2025-02-28,Good Humor Chocolate Eclair Bar,West,16,2.12,33.92,26.75,7.17,0.2115,<18,Non-binary
2025-02-28,Good Humor Chocolate Eclair Bar,West,5,2.12,10.6,8.36,2.24,0.2115,<18,Prefer not to say
2025-02-28,Good Humor Chocolate Eclair Bar,West,44,2.12,93.28,73.56,19.72,0.2115,18-34,Male
2025-02-28,Good Humor Chocolate Eclair Bar,West,68,2.12,144.16,113.68,30.48,0.2115,18-34,Female
2025-02-28,Good Humor Chocolate Eclair Bar,West,76,2.12,161.12,127.05,34.07,0.2115,18-34,Non-binary
2025-02-28,Good Humor Chocolate Eclair Bar,West,24,2.12,50.88,40.12,10.76,0.2115,18-34,Prefer not to say
2025-02-28,Good Humor Chocolate Eclair Bar,West,24,2.12,50.88,40.12,10.76,0.2115,35-54,Male
2025-02-28,Good Humor Chocolate Eclair Bar,West,38,2.12,80.56,63.53,17.03,0.2115,35-54,Female
2025-02-28,Good Humor Chocolate Eclair Bar,West,42,2.12,89.04,70.21,18.83,0.2115,35-54,Non-binary
2025-02-28,Good Humor Chocolate Eclair Bar,West,13,2.12,27.56,21.73,5.83,0.2115,35-54,Prefer not to say
2025-02-28,Good Humor Chocolate Eclair Bar,West,41,2.12,86.92,68.54,18.38,0.2115,55+,Male
2025-02-28,Good Humor Chocolate Eclair Bar,West,64,2.12,135.68,106.99,28.69,0.2115,55+,Female
2025-02-28,Good Humor Chocolate Eclair Bar,West,71,2.12,150.52,118.69,31.83,0.2115,55+,Non-binary
2025-02-28,Good Humor Chocolate Eclair Bar,West,23,2.12,48.76,38.45,10.31,0.2115,55+,Prefer not to say
2025-03-31,Good Humor Classic Bar,Northeast,66,2.37,156.42,122.65,33.77,0.2159,<18,Male
2025-03-31,Good Humor Classic Bar,Northeast,18,2.37,42.66,33.45,9.21,0.2159,<18,Female
2025-03-31,Good Humor Classic Bar,Northeast,225,2.37,533.25,418.13,115.12,0.2159,<18,Non-binary
2025-03-31,Good Humor Classic Bar,Northeast,75,2.37,177.75,139.38,38.37,0.2159,<18,Prefer not to say
2025-03-31,Good Humor Classic Bar,Northeast,58,2.37,137.46,107.79,29.67,0.2159,18-34,Male
2025-03-31,Good Humor Classic Bar,Northeast,16,2.37,37.92,29.73,8.19,0.2159,18-34,Female
2025-03-31,Good Humor Classic Bar,Northeast,197,2.37,466.89,366.1,100.79,0.2159,18-34,Non-binary
2025-03-31,Good Humor Classic Bar,Northeast,65,2.37,154.05,120.79,33.26,0.2159,18-34,Prefer not to say
2025-03-31,Good Humor Classic Bar,Northeast,11,2.37,26.07,20.44,5.63,0.2159,35-54,Male
2025-03-31,Good Humor Classic Bar,Northeast,3,2.37,7.11,5.58,1.53,0.2159,35-54,Female
2025-03-31,Good Humor Classic Bar,Northeast,38,2.37,90.06,70.62,19.44,0.2159,35-54,Non-binary
2025-03-31,Good Humor Classic Bar,Northeast,13,2.37,30.81,24.16,6.65,0.2159,35-54,Prefer not to say
2025-03-31,Good Humor Classic Bar,Northeast,48,2.37,113.76,89.2,24.56,0.2159,55+,Male
2025-03-31,Good Humor Classic Bar,Northeast,13,2.37,30.81,24.16,6.65,0.2159,55+,Female
2025-03-31,Good Humor Classic Bar,Northeast,163,2.37,386.31,302.91,83.4,0.2159,55+,Non-binary
2025-03-31,Good Humor Classic Bar,Northeast,54,2.37,127.98,100.35,27.63,0.2159,55+,Prefer not to say
2025-03-31,Good Humor Classic Bar,Midwest,8,2.99,23.92,16.03,7.89,0.3296,<18,Male
2025-03-31,Good Humor Classic Bar,Midwest,1,2.99,2.99,2.0,0.99,0.3296,<18,Female
2025-03-31,Good Humor Classic Bar,Midwest,150,2.99,448.5,300.65,147.85,0.3296,<18,Non-binary
2025-03-31,Good Humor Classic Bar,Midwest,187,2.99,559.13,374.82,184.31,0.3296,<18,Prefer not to say
2025-03-31,Good Humor Classic Bar,Midwest,4,2.99,11.96,8.02,3.94,0.3296,18-34,Male
2025-03-31,Good Humor Classic Bar,Midwest,1,2.99,2.99,2.0,0.99,0.3296,18-34,Female
2025-03-31,Good Humor Classic Bar,Midwest,80,2.99,239.2,160.35,78.85,0.3296,18-34,Non-binary
2025-03-31,Good Humor Classic Bar,Midwest,99,2.99,296.01,198.43,97.58,0.3296,18-34,Prefer not to say
2025-03-31,Good Humor Classic Bar,Midwest,3,2.99,8.97,6.01,2.96,0.3296,35-54,Non-binary
2025-03-31,Good Humor Classic Bar,Midwest,4,2.99,11.96,8.02,3.94,0.3296,35-54,Prefer not to say
2025-03-31,Good Humor Classic Bar,Midwest,2,2.99,5.98,4.01,1.97,0.3296,55+,Male
2025-03-31,Good Humor Classic Bar,Midwest,29,2.99,86.71,58.13,28.58,0.3296,55+,Non-binary
2025-03-31,Good Humor Classic Bar,Midwest,36,2.99,107.64,72.16,35.48,0.3296,55+,Prefer not to say
2025-03-31,Good Humor Classic Bar,South,98,2.37,232.26,159.07,73.19,0.3151,<18,Male
2025-03-31,Good Humor Classic Bar,South,126,2.37,298.62,204.52,94.1,0.3151,<18,Female
2025-03-31,Good Humor Classic Bar,South,68,2.37,161.16,110.37,50.79,0.3151,<18,Non-binary
2025-03-31,Good Humor Classic Bar,South,74,2.37,175.38,120.11,55.27,0.3151,<18,Prefer not to say
2025-03-31,Good Humor Classic Bar,South,246,2.37,583.02,399.29,183.73,0.3151,18-34,Male
2025-03-31,Good Humor Classic Bar,South,316,2.37,748.92,512.91,236.01,0.3151,18-34,Female
2025-03-31,Good Humor Classic Bar,South,171,2.37,405.27,277.56,127.71,0.3151,18-34,Non-binary
2025-03-31,Good Humor Classic Bar,South,186,2.37,440.82,301.9,138.92,0.3151,18-34,Prefer not to say
2025-03-31,Good Humor Classic Bar,South,30,2.37,71.1,48.69,22.41,0.3151,35-54,Male
2025-03-31,Good Humor Classic Bar,South,39,2.37,92.43,63.3,29.13,0.3151,35-54,Female
2025-03-31,Good Humor Classic Bar,South,21,2.37,49.77,34.09,15.68,0.3151,35-54,Non-binary
2025-03-31,Good Humor Classic Bar,South,23,2.37,54.51,37.33,17.18,0.3151,35-54,Prefer not to say
2025-03-31,Good Humor Classic Bar,South,57,2.37,135.09,92.52,42.57,0.3151,55+,Male
2025-03-31,Good Humor Classic Bar,South,73,2.37,173.01,118.49,54.52,0.3151,55+,Female
2025-03-31,Good Humor Classic Bar,South,40,2.37,94.8,64.93,29.87,0.3151,55+,Non-binary
2025-03-31,Good Humor Classic Bar,South,43,2.37,101.91,69.8,32.11,0.3151,55+,Prefer not to say
2025-03-31,Good Humor Classic Bar,West,1,2.28,2.28,1.62,0.66,0.2911,<18,Male
2025-03-31,Good Humor Classic Bar,West,1,2.28,2.28,1.62,0.66,0.2911,<18,Prefer not to say
2025-03-31,Good Humor Classic Bar,West,12,2.28,27.36,19.39,7.97,0.2911,18-34,Male
2025-03-31,Good Humor Classic Bar,West,5,2.28,11.4,8.08,3.32,0.2911,18-34,Female
2025-03-31,Good Humor Classic Bar,West,7,2.28,15.96,11.31,4.65,0.2911,18-34,Non-binary
2025-03-31,Good Humor Classic Bar,West,14,2.28,31.92,22.63,9.29,0.2911,18-34,Prefer not to say
2025-03-31,Good Humor Classic Bar,West,239,2.28,544.92,386.27,158.65,0.2911,35-54,Male
2025-03-31,Good Humor Classic Bar,West,91,2.28,207.48,147.07,60.41,0.2911,35-54,Female
2025-03-31,Good Humor Classic Bar,West,139,2.28,316.92,224.65,92.27,0.2911,35-54,Non-binary
2025-03-31,Good Humor Classic Bar,West,265,2.28,604.2,428.29,175.91,0.2911,35-54,Prefer not to say
2025-03-31,Good Humor Classic Bar,West,47,2.28,107.16,75.96,31.2,0.2911,55+,Male
2025-03-31,Good Humor Classic Bar,West,18,2.28,41.04,29.09,11.95,0.2911,55+,Female
2025-03-31,Good Humor Classic Bar,West,27,2.28,61.56,43.64,17.92,0.2911,55+,Non-binary
2025-03-31,Good Humor Classic Bar,West,52,2.28,118.56,84.04,34.52,0.2911,55+,Prefer not to say
2025-03-31,Good Humor Strawberry Shortcake Bar,Northeast,54,2.95,159.3,100.59,58.71,0.3685,<18,Male
2025-03-31,Good Humor Strawberry Shortcake Bar,Northeast,156,2.95,460.2,290.6,169.6,0.3685,<18,Female
2025-03-31,Good Humor Strawberry Shortcake Bar,Northeast,172,2.95,507.4,320.41,186.99,0.3685,<18,Non-binary
2025-03-31,Good Humor Strawberry Shortcake Bar,Northeast,15,2.95,44.25,27.94,16.31,0.3685,<18,Prefer not to say
2025-03-31,Good Humor Strawberry Shortcake Bar,Northeast,13,2.95,38.35,24.22,14.13,0.3685,18-34,Male
2025-03-31,Good Humor Strawberry Shortcake Bar,Northeast,38,2.95,112.1,70.79,41.31,0.3685,18-34,Female
2025-03-31,Good Humor Strawberry Shortcake Bar,Northeast,42,2.95,123.9,78.24,45.66,0.3685,18-34,Non-binary
2025-03-31,Good Humor Strawberry Shortcake Bar,Northeast,4,2.95,11.8,7.45,4.35,0.3685,18-34,Prefer not to say
2025-03-31,Good Humor Strawberry Shortcake Bar,Northeast,20,2.95,59.0,37.26,21.74,0.3685,35-54,Male
2025-03-31,Good Humor Strawberry Shortcake Bar,Northeast,56,2.95,165.2,104.32,60.88,0.3685,35-54,Female
2025-03-31,Good Humor Strawberry Shortcake Bar,Northeast,62,2.95,182.9,115.5,67.4,0.3685,35-54,Non-binary
2025-03-31,Good Humor Strawberry Shortcake Bar,Northeast,6,2.95,17.7,11.18,6.52,0.3685,35-54,Prefer not to say
2025-03-31,Good Humor Strawberry Shortcake Bar,Northeast,14,2.95,41.3,26.08,15.22,0.3685,55+,Male
2025-03-31,Good Humor Strawberry Shortcake Bar,Northeast,39,2.95,115.05,72.65,42.4,0.3685,55+,Female
2025-03-31,Good Humor Strawberry Shortcake Bar,Northeast,43,2.95,126.85,80.1,46.75,0.3685,55+,Non-binary
2025-03-31,Good Humor Strawberry Shortcake Bar,Northeast,4,2.95,11.8,7.45,4.35,0.3685,55+,Prefer not to say
2025-03-31,Good Humor Strawberry Shortcake Bar,Midwest,38,2.7,102.6,64.7,37.9,0.3694,<18,Male
2025-03-31,Good Humor Strawberry Shortcake Bar,Midwest,25,2.7,67.5,42.56,24.94,0.3694,<18,Female
2025-03-31,Good Humor Strawberry Shortcake Bar,Midwest,201,2.7,542.7,342.21,200.49,0.3694,<18,Non-binary
2025-03-31,Good Humor Strawberry Shortcake Bar,Midwest,49,2.7,132.3,83.43,48.87,0.3694,<18,Prefer not to say
2025-03-31,Good Humor Strawberry Shortcake Bar,Midwest,12,2.7,32.4,20.43,11.97,0.3694,18-34,Male
2025-03-31,Good Humor Strawberry Shortcake Bar,Midwest,8,2.7,21.6,13.62,7.98,0.3694,18-34,Female
2025-03-31,Good Humor Strawberry Shortcake Bar,Midwest,66,2.7,178.2,112.37,65.83,0.3694,18-34,Non-binary
2025-03-31,Good Humor Strawberry Shortcake Bar,Midwest,16,2.7,43.2,27.24,15.96,0.3694,18-34,Prefer not to say
2025-03-31,Good Humor Strawberry Shortcake Bar,Midwest,88,2.7,237.6,149.83,87.77,0.3694,35-54,Male
2025-03-31,Good Humor Strawberry Shortcake Bar,Midwest,58,2.7,156.6,98.75,57.85,0.3694,35-54,Female
2025-03-31,Good Humor Strawberry Shortcake Bar,Midwest,465,2.7,1255.5,791.69,463.81,0.3694,35-54,Non-binary
2025-03-31,Good Humor Strawberry Shortcake Bar,Midwest,114,2.7,307.8,194.09,113.71,0.3694,35-54,Prefer not to say
2025-03-31,Good Humor Strawberry Shortcake Bar,Midwest,2,2.7,5.4,3.41,1.99,0.3694,55+,Male
2025-03-31,Good Humor Strawberry Shortcake Bar,Midwest,1,2.7,2.7,1.7,1.0,0.3694,55+,Female
2025-03-31,Good Humor Strawberry Shortcake Bar,Midwest,9,2.7,24.3,15.32,8.98,0.3694,55+,Non-binary
2025-03-31,Good Humor Strawberry Shortcake Bar,Midwest,2,2.7,5.4,3.41,1.99,0.3694,55+,Prefer not to say
2025-03-31,Good Humor Strawberry Shortcake Bar,South,40,2.08,83.2,54.78,28.42,0.3416,<18,Male
2025-03-31,Good Humor Strawberry Shortcake Bar,South,42,2.08,87.36,57.52,29.84,0.3416,<18,Female
2025-03-31,Good Humor Strawberry Shortcake Bar,South,18,2.08,37.44,24.65,12.79,0.3416,<18,Non-binary
2025-03-31,Good Humor Strawberry Shortcake Bar,South,30,2.08,62.4,41.09,21.31,0.3416,<18,Prefer not to say
2025-03-31,Good Humor Strawberry Shortcake Bar,South,170,2.08,353.6,232.83,120.77,0.3416,18-34,Male
2025-03-31,Good Humor Strawberry Shortcake Bar,South,180,2.08,374.4,246.52,127.88,0.3416,18-34,Female
2025-03-31,Good Humor Strawberry Shortcake Bar,South,75,2.08,156.0,102.72,53.28,0.3416,18-34,Non-binary
2025-03-31,Good Humor Strawberry Shortcake Bar,South,129,2.08,268.32,176.67,91.65,0.3416,18-34,Prefer not to say
2025-03-31,Good Humor Strawberry Shortcake Bar,South,17,2.08,35.36,23.28,12.08,0.3416,35-54,Male
2025-03-31,Good Humor Strawberry Shortcake Bar,South,18,2.08,37.44,24.65,12.79,0.3416,35-54,Female
2025-03-31,Good Humor Strawberry Shortcake Bar,South,7,2.08,14.56,9.59,4.97,0.3416,35-54,Non-binary
2025-03-31,Good Humor Strawberry Shortcake Bar,South,13,2.08,27.04,17.8,9.24,0.3416,35-54,Prefer not to say
2025-03-31,Good Humor Strawberry Shortcake Bar,South,315,2.08,655.2,431.41,223.79,0.3416,55+,Male
2025-03-31,Good Humor Strawberry Shortcake Bar,South,336,2.08,698.88,460.17,238.71,0.3416,55+,Female
2025-03-31,Good Humor Strawberry Shortcake Bar,South,140,2.08,291.2,191.74,99.46,0.3416,55+,Non-binary
2025-03-31,Good Humor Strawberry Shortcake Bar,South,240,2.08,499.2,328.69,170.51,0.3416,55+,Prefer not to say
2025-03-31,Good Humor Strawberry Shortcake Bar,West,264,2.73,720.72,453.47,267.25,0.3708,<18,Male
2025-03-31,Good Humor Strawberry Shortcake Bar,West,56,2.73,152.88,96.19,56.69,0.3708,<18,Female
2025-03-31,Good Humor Strawberry Shortcake Bar,West,110,2.73,300.3,188.94,111.36,0.3708,<18,Non-binary
2025-03-31,Good Humor Strawberry Shortcake Bar,West,294,2.73,802.62,505.0,297.62,0.3708,<18,Prefer not to say
2025-03-31,Good Humor Strawberry Shortcake Bar,West,26,2.73,70.98,44.66,26.32,0.3708,18-34,Male
2025-03-31,Good Humor Strawberry Shortcake Bar,West,5,2.73,13.65,8.59,5.06,0.3708,18-34,Female
2025-03-31,Good Humor Strawberry Shortcake Bar,West,11,2.73,30.03,18.89,11.14,0.3708,18-34,Non-binary
2025-03-31,Good Humor Strawberry Shortcake Bar,West,29,2.73,79.17,49.81,29.36,0.3708,18-34,Prefer not to say
2025-03-31,Good Humor Strawberry Shortcake Bar,West,17,2.73,46.41,29.2,17.21,0.3708,55+,Male
2025-03-31,Good Humor Strawberry Shortcake Bar,West,4,2.73,10.92,6.87,4.05,0.3708,55+,Female
2025-03-31,Good Humor Strawberry Shortcake Bar,West,7,2.73,19.11,12.02,7.09,0.3708,55+,Non-binary
2025-03-31,Good Humor Strawberry Shortcake Bar,West,19,2.73,51.87,32.64,19.23,0.3708,55+,Prefer not to say
2025-03-31,Good Humor Chocolate Eclair Bar,Northeast,118,1.65,194.7,142.7,52.0,0.2671,<18,Male
2025-03-31,Good Humor Chocolate Eclair Bar,Northeast,65,1.65,107.25,78.6,28.65,0.2671,<18,Female
2025-03-31,Good Humor Chocolate Eclair Bar,Northeast,264,1.65,435.6,319.25,116.35,0.2671,<18,Non-binary
2025-03-31,Good Humor Chocolate Eclair Bar,Northeast,275,1.65,453.75,332.55,121.2,0.2671,<18,Prefer not to say
2025-03-31,Good Humor Chocolate Eclair Bar,Northeast,1,1.65,1.65,1.21,0.44,0.2671,18-34,Male
2025-03-31,Good Humor Chocolate Eclair Bar,Northeast,1,1.65,1.65,1.21,0.44,0.2671,18-34,Female
2025-03-31,Good Humor Chocolate Eclair Bar,Northeast,3,1.65,4.95,3.63,1.32,0.2671,18-34,Non-binary
2025-03-31,Good Humor Chocolate Eclair Bar,Northeast,3,1.65,4.95,3.63,1.32,0.2671,18-34,Prefer not to say
2025-03-31,Good Humor Chocolate Eclair Bar,Northeast,28,1.65,46.2,33.86,12.34,0.2671,35-54,Male
2025-03-31,Good Humor Chocolate Eclair Bar,Northeast,15,1.65,24.75,18.14,6.61,0.2671,35-54,Female
2025-03-31,Good Humor Chocolate Eclair Bar,Northeast,62,1.65,102.3,74.98,27.32,0.2671,35-54,Non-binary
2025-03-31,Good Humor Chocolate Eclair Bar,Northeast,64,1.65,105.6,77.39,28.21,0.2671,35-54,Prefer not to say
2025-03-31,Good Humor Chocolate Eclair Bar,Northeast,12,1.65,19.8,14.51,5.29,0.2671,55+,Male
2025-03-31,Good Humor Chocolate Eclair Bar,Northeast,7,1.65,11.55,8.46,3.09,0.2671,55+,Female
2025-03-31,Good Humor Chocolate Eclair Bar,Northeast,28,1.65,46.2,33.86,12.34,0.2671,55+,Non-binary
2025-03-31,Good Humor Chocolate Eclair Bar,Northeast,29,1.65,47.85,35.07,12.78,0.2671,55+,Prefer not to say
2025-03-31,Good Humor Chocolate Eclair Bar,Midwest,36,2.5,90.0,56.02,33.98,0.3776,<18,Male
2025-03-31,Good Humor Chocolate Eclair Bar,Midwest,319,2.5,797.5,496.38,301.12,0.3776,<18,Female
2025-03-31,Good Humor Chocolate Eclair Bar,Midwest,57,2.5,142.5,88.69,53.81,0.3776,<18,Non-binary
2025-03-31,Good Humor Chocolate Eclair Bar,Midwest,8,2.5,20.0,12.45,7.55,0.3776,<18,Prefer not to say
2025-03-31,Good Humor Chocolate Eclair Bar,Midwest,4,2.5,10.0,6.22,3.78,0.3776,18-34,Male
2025-03-31,Good Humor Chocolate Eclair Bar,Midwest,39,2.5,97.5,60.69,36.81,0.3776,18-34,Female
2025-03-31,Good Humor Chocolate Eclair Bar,Midwest,7,2.5,17.5,10.89,6.61,0.3776,18-34,Non-binary
2025-03-31,Good Humor Chocolate Eclair Bar,Midwest,1,2.5,2.5,1.56,0.94,0.3776,18-34,Prefer not to say
2025-03-31,Good Humor Chocolate Eclair Bar,Midwest,31,2.5,77.5,48.24,29.26,0.3776,35-54,Male
2025-03-31,Good Humor Chocolate Eclair Bar,Midwest,270,2.5,675.0,420.13,254.87,0.3776,35-54,Female
2025-03-31,Good Humor Chocolate Eclair Bar,Midwest,48,2.5,120.0,74.69,45.31,0.3776,35-54,Non-binary
2025-03-31,Good Humor Chocolate Eclair Bar,Midwest,6,2.5,15.0,9.34,5.66,0.3776,35-54,Prefer not to say
2025-03-31,Good Humor Chocolate Eclair Bar,Midwest,82,2.5,205.0,127.6,77.4,0.3776,55+,Male
2025-03-31,Good Humor Chocolate Eclair Bar,Midwest,720,2.5,1800.0,1120.36,679.64,0.3776,55+,Female
2025-03-31,Good Humor Chocolate Eclair Bar,Midwest,129,2.5,322.5,200.73,121.77,0.3776,55+,Non-binary
2025-03-31,Good Humor Chocolate Eclair Bar,Midwest,17,2.5,42.5,26.45,16.05,0.3776,55+,Prefer not to say
2025-03-31,Good Humor Chocolate Eclair Bar,South,60,2.27,136.2,97.54,38.66,0.2838,<18,Male
2025-03-31,Good Humor Chocolate Eclair Bar,South,45,2.27,102.15,73.16,28.99,0.2838,<18,Female
2025-03-31,Good Humor Chocolate Eclair Bar,South,24,2.27,54.48,39.02,15.46,0.2838,<18,Non-binary
2025-03-31,Good Humor Chocolate Eclair Bar,South,49,2.27,111.23,79.66,31.57,0.2838,<18,Prefer not to say
2025-03-31,Good Humor Chocolate Eclair Bar,South,244,2.27,553.88,396.68,157.2,0.2838,18-34,Male
2025-03-31,Good Humor Chocolate Eclair Bar,South,182,2.27,413.14,295.88,117.26,0.2838,18-34,Female
2025-03-31,Good Humor Chocolate Eclair Bar,South,98,2.27,222.46,159.32,63.14,0.2838,18-34,Non-binary
2025-03-31,Good Humor Chocolate Eclair Bar,South,200,2.27,454.0,325.14,128.86,0.2838,18-34,Prefer not to say
2025-03-31,Good Humor Chocolate Eclair Bar,South,205,2.27,465.35,333.27,132.08,0.2838,35-54,Male
2025-03-31,Good Humor Chocolate Eclair Bar,South,153,2.27,347.31,248.74,98.57,0.2838,35-54,Female
2025-03-31,Good Humor Chocolate Eclair Bar,South,82,2.27,186.14,133.31,52.83,0.2838,35-54,Non-binary
2025-03-31,Good Humor Chocolate Eclair Bar,South,168,2.27,381.36,273.12,108.24,0.2838,35-54,Prefer not to say
2025-03-31,Good Humor Chocolate Eclair Bar,South,28,2.27,63.56,45.52,18.04,0.2838,55+,Male
2025-03-31,Good Humor Chocolate Eclair Bar,South,21,2.27,47.67,34.14,13.53,0.2838,55+,Female
2025-03-31,Good Humor Chocolate Eclair Bar,South,11,2.27,24.97,17.88,7.09,0.2838,55+,Non-binary
2025-03-31,Good Humor Chocolate Eclair Bar,South,23,2.27,52.21,37.39,14.82,0.2838,55+,Prefer not to say
2025-03-31,Good Humor Chocolate Eclair Bar,West,3,2.75,8.25,6.12,2.13,0.2587,<18,Male
2025-03-31,Good Humor Chocolate Eclair Bar,West,53,2.75,145.75,108.04,37.71,0.2587,<18,Female
2025-03-31,Good Humor Chocolate Eclair Bar,West,17,2.75,46.75,34.66,12.09,0.2587,<18,Non-binary
2025-03-31,Good Humor Chocolate Eclair Bar,West,148,2.75,407.0,301.71,105.29,0.2587,<18,Prefer not to say
2025-03-31,Good Humor Chocolate Eclair Bar,West,4,2.75,11.0,8.15,2.85,0.2587,18-34,Male
2025-03-31,Good Humor Chocolate Eclair Bar,West,73,2.75,200.75,148.82,51.93,0.2587,18-34,Female
2025-03-31,Good Humor Chocolate Eclair Bar,West,23,2.75,63.25,46.89,16.36,0.2587,18-34,Non-binary
2025-03-31,Good Humor Chocolate Eclair Bar,West,203,2.75,558.25,413.83,144.42,0.2587,18-34,Prefer not to say
2025-03-31,Good Humor Chocolate Eclair Bar,West,12,2.75,33.0,24.46,8.54,0.2587,35-54,Male
2025-03-31,Good Humor Chocolate Eclair Bar,West,206,2.75,566.5,419.95,146.55,0.2587,35-54,Female
2025-03-31,Good Humor Chocolate Eclair Bar,West,66,2.75,181.5,134.55,46.95,0.2587,35-54,Non-binary
2025-03-31,Good Humor Chocolate Eclair Bar,West,570,2.75,1567.5,1161.99,405.51,0.2587,35-54,Prefer not to say
2025-03-31,Good Humor Chocolate Eclair Bar,West,3,2.75,8.25,6.12,2.13,0.2587,55+,Male
2025-03-31,Good Humor Chocolate Eclair Bar,West,45,2.75,123.75,91.74,32.01,0.2587,55+,Female
2025-03-31,Good Humor Chocolate Eclair Bar,West,14,2.75,38.5,28.54,9.96,0.2587,55+,Non-binary
2025-03-31,Good Humor Chocolate Eclair Bar,West,124,2.75,341.0,252.78,88.22,0.2587,55+,Prefer not to say
2025-04-30,Good Humor Classic Bar,Northeast,8,2.53,20.24,13.13,7.11,0.3511,<18,Male
2025-04-30,Good Humor Classic Bar,Northeast,31,2.53,78.43,50.89,27.54,0.3511,<18,Female
2025-04-30,Good Humor Classic Bar,Northeast,13,2.53,32.89,21.34,11.55,0.3511,<18,Non-binary
2025-04-30,Good Humor Classic Bar,Northeast,10,2.53,25.3,16.42,8.88,0.3511,<18,Prefer not to say
2025-04-30,Good Humor Classic Bar,Northeast,52,2.53,131.56,85.37,46.19,0.3511,18-34,Male
2025-04-30,Good Humor Classic Bar,Northeast,205,2.53,518.65,336.56,182.09,0.3511,18-34,Female
2025-04-30,Good Humor Classic Bar,Northeast,88,2.53,222.64,144.47,78.17,0.3511,18-34,Non-binary
2025-04-30,Good Humor Classic Bar,Northeast,66,2.53,166.98,108.36,58.62,0.3511,18-34,Prefer not to say
2025-04-30,Good Humor Classic Bar,Northeast,61,2.53,154.33,100.15,54.18,0.3511,35-54,Male
2025-04-30,Good Humor Classic Bar,Northeast,237,2.53,599.61,389.09,210.52,0.3511,35-54,Female
2025-04-30,Good Humor Classic Bar,Northeast,101,2.53,255.53,165.82,89.71,0.3511,35-54,Non-binary
2025-04-30,Good Humor Classic Bar,Northeast,76,2.53,192.28,124.77,67.51,0.3511,35-54,Prefer not to say
2025-04-30,Good Humor Classic Bar,Northeast,51,2.53,129.03,83.73,45.3,0.3511,55+,Male
2025-04-30,Good Humor Classic Bar,Northeast,201,2.53,508.53,329.99,178.54,0.3511,55+,Female
2025-04-30,Good Humor Classic Bar,Northeast,86,2.53,217.58,141.19,76.39,0.3511,55+,Non-binary
2025-04-30,Good Humor Classic Bar,Northeast,65,2.53,164.45,106.71,57.74,0.3511,55+,Prefer not to say
2025-04-30,Good Humor Classic Bar,Midwest,27,2.45,66.15,46.62,19.53,0.2952,<18,Male
2025-04-30,Good Humor Classic Bar,Midwest,228,2.45,558.6,393.71,164.89,0.2952,<18,Female
2025-04-30,Good Humor Classic Bar,Midwest,11,2.45,26.95,18.99,7.96,0.2952,<18,Non-binary
2025-04-30,Good Humor Classic Bar,Midwest,51,2.45,124.95,88.07,36.88,0.2952,<18,Prefer not to say
2025-04-30,Good Humor Classic Bar,Midwest,28,2.45,68.6,48.35,20.25,0.2952,18-34,Male
2025-04-30,Good Humor Classic Bar,Midwest,235,2.45,575.75,405.8,169.95,0.2952,18-34,Female
2025-04-30,Good Humor Classic Bar,Midwest,11,2.45,26.95,18.99,7.96,0.2952,18-34,Non-binary
2025-04-30,Good Humor Classic Bar,Midwest,52,2.45,127.4,89.79,37.61,0.2952,18-34,Prefer not to say
2025-04-30,Good Humor Classic Bar,Midwest,38,2.45,93.1,65.62,27.48,0.2952,35-54,Male
2025-04-30,Good Humor Classic Bar,Midwest,325,2.45,796.25,561.21,235.04,0.2952,35-54,Female
2025-04-30,Good Humor Classic Bar,Midwest,16,2.45,39.2,27.63,11.57,0.2952,35-54,Non-binary
2025-04-30,Good Humor Classic Bar,Midwest,72,2.45,176.4,124.33,52.07,0.2952,35-54,Prefer not to say
2025-04-30,Good Humor Classic Bar,Midwest,6,2.45,14.7,10.36,4.34,0.2952,55+,Male
2025-04-30,Good Humor Classic Bar,Midwest,50,2.45,122.5,86.34,36.16,0.2952,55+,Female
2025-04-30,Good Humor Classic Bar,Midwest,2,2.45,4.9,3.45,1.45,0.2952,55+,Non-binary
2025-04-30,Good Humor Classic Bar,Midwest,11,2.45,26.95,18.99,7.96,0.2952,55+,Prefer not to say
2025-04-30,Good Humor Classic Bar,South,279,2.06,574.74,433.06,141.68,0.2465,<18,Male
2025-04-30,Good Humor Classic Bar,South,224,2.06,461.44,347.69,113.75,0.2465,<18,Female
2025-04-30,Good Humor Classic Bar,South,156,2.06,321.36,242.14,79.22,0.2465,<18,Non-binary
2025-04-30,Good Humor Classic Bar,South,90,2.06,185.4,139.7,45.7,0.2465,<18,Prefer not to say
2025-04-30,Good Humor Classic Bar,South,48,2.06,98.88,74.5,24.38,0.2465,18-34,Male
2025-04-30,Good Humor Classic Bar,South,39,2.06,80.34,60.53,19.81,0.2465,18-34,Female
2025-04-30,Good Humor Classic Bar,South,27,2.06,55.62,41.91,13.71,0.2465,18-34,Non-binary
2025-04-30,Good Humor Classic Bar,South,16,2.06,32.96,24.83,8.13,0.2465,18-34,Prefer not to say
2025-04-30,Good Humor Classic Bar,South,30,2.06,61.8,46.57,15.23,0.2465,35-54,Male
2025-04-30,Good Humor Classic Bar,South,24,2.06,49.44,37.25,12.19,0.2465,35-54,Female
2025-04-30,Good Humor Classic Bar,South,17,2.06,35.02,26.39,8.63,0.2465,35-54,Non-binary
2025-04-30,Good Humor Classic Bar,South,10,2.06,20.6,15.52,5.08,0.2465,35-54,Prefer not to say
2025-04-30,Good Humor Classic Bar,South,81,2.06,166.86,125.73,41.13,0.2465,55+,Male
2025-04-30,Good Humor Classic Bar,South,66,2.06,135.96,102.44,33.52,0.2465,55+,Female
2025-04-30,Good Humor Classic Bar,South,46,2.06,94.76,71.4,23.36,0.2465,55+,Non-binary
2025-04-30,Good Humor Classic Bar,South,26,2.06,53.56,40.36,13.2,0.2465,55+,Prefer not to say
2025-04-30,Good Humor Classic Bar,West,148,2.75,407.0,244.41,162.59,0.3995,<18,Male
2025-04-30,Good Humor Classic Bar,West,302,2.75,830.5,498.73,331.77,0.3995,<18,Female
2025-04-30,Good Humor Classic Bar,West,40,2.75,110.0,66.06,43.94,0.3995,<18,Non-binary
2025-04-30,Good Humor Classic Bar,West,259,2.75,712.25,427.72,284.53,0.3995,<18,Prefer not to say
2025-04-30,Good Humor Classic Bar,West,80,2.75,220.0,132.11,87.89,0.3995,18-34,Male
2025-04-30,Good Humor Classic Bar,West,164,2.75,451.0,270.83,180.17,0.3995,18-34,Female
2025-04-30,Good Humor Classic Bar,West,22,2.75,60.5,36.33,24.17,0.3995,18-34,Non-binary
2025-04-30,Good Humor Classic Bar,West,140,2.75,385.0,231.2,153.8,0.3995,18-34,Prefer not to say
2025-04-30,Good Humor Classic Bar,West,26,2.75,71.5,42.94,28.56,0.3995,35-54,Male
2025-04-30,Good Humor Classic Bar,West,54,2.75,148.5,89.18,59.32,0.3995,35-54,Female
2025-04-30,Good Humor Classic Bar,West,7,2.75,19.25,11.56,7.69,0.3995,35-54,Non-binary
2025-04-30,Good Humor Classic Bar,West,46,2.75,126.5,75.97,50.53,0.3995,35-54,Prefer not to say
2025-04-30,Good Humor Classic Bar,West,95,2.75,261.25,156.89,104.36,0.3995,55+,Male
2025-04-30,Good Humor Classic Bar,West,195,2.75,536.25,322.03,214.22,0.3995,55+,Female
2025-04-30,Good Humor Classic Bar,West,26,2.75,71.5,42.94,28.56,0.3995,55+,Non-binary
2025-04-30,Good Humor Classic Bar,West,167,2.75,459.25,275.79,183.46,0.3995,55+,Prefer not to say
2025-04-30,Good Humor Strawberry Shortcake Bar,Northeast,66,2.85,188.1,141.38,46.72,0.2484,<18,Male
2025-04-30,Good Humor Strawberry Shortcake Bar,Northeast,11,2.85,31.35,23.56,7.79,0.2484,<18,Female
2025-04-30,Good Humor Strawberry Shortcake Bar,Northeast,147,2.85,418.95,314.89,104.06,0.2484,<18,Non-binary
2025-04-30,Good Humor Strawberry Shortcake Bar,Northeast,106,2.85,302.1,227.07,75.03,0.2484,<18,Prefer not to say
2025-04-30,Good Humor Strawberry Shortcake Bar,Northeast,7,2.85,19.95,14.99,4.96,0.2484,18-34,Male
2025-04-30,Good Humor Strawberry Shortcake Bar,Northeast,1,2.85,2.85,2.14,0.71,0.2484,18-34,Female
2025-04-30,Good Humor Strawberry Shortcake Bar,Northeast,16,2.85,45.6,34.27,11.33,0.2484,18-34,Non-binary
2025-04-30,Good Humor Strawberry Shortcake Bar,Northeast,12,2.85,34.2,25.71,8.49,0.2484,18-34,Prefer not to say
2025-04-30,Good Humor Strawberry Shortcake Bar,Northeast,114,2.85,324.9,244.2,80.7,0.2484,35-54,Male
2025-04-30,Good Humor Strawberry Shortcake Bar,Northeast,19,2.85,54.15,40.7,13.45,0.2484,35-54,Female
2025-04-30,Good Humor Strawberry Shortcake Bar,Northeast,252,2.85,718.2,539.82,178.38,0.2484,35-54,Non-binary
2025-04-30,Good Humor Strawberry Shortcake Bar,Northeast,183,2.85,521.55,392.01,129.54,0.2484,35-54,Prefer not to say
2025-04-30,Good Humor Strawberry Shortcake Bar,Northeast,60,2.85,171.0,128.53,42.47,0.2484,55+,Male
2025-04-30,Good Humor Strawberry Shortcake Bar,Northeast,10,2.85,28.5,21.42,7.08,0.2484,55+,Female
2025-04-30,Good Humor Strawberry Shortcake Bar,Northeast,134,2.85,381.9,287.05,94.85,0.2484,55+,Non-binary
2025-04-30,Good Humor Strawberry Shortcake Bar,Northeast,97,2.85,276.45,207.79,68.66,0.2484,55+,Prefer not to say
2025-04-30,Good Humor Strawberry Shortcake Bar,Midwest,89,1.7,151.3,96.27,55.03,0.3637,<18,Male
2025-04-30,Good Humor Strawberry Shortcake Bar,Midwest,114,1.7,193.8,123.31,70.49,0.3637,<18,Female
2025-04-30,Good Humor Strawberry Shortcake Bar,Midwest,5,1.7,8.5,5.41,3.09,0.3637,<18,Non-binary
2025-04-30,Good Humor Strawberry Shortcake Bar,Midwest,136,1.7,231.2,147.1,84.1,0.3637,<18,Prefer not to say
2025-04-30,Good Humor Strawberry Shortcake Bar,Midwest,44,1.7,74.8,47.59,27.21,0.3637,18-34,Male
2025-04-30,Good Humor Strawberry Shortcake Bar,Midwest,57,1.7,96.9,61.65,35.25,0.3637,18-34,Female
2025-04-30,Good Humor Strawberry Shortcake Bar,Midwest,2,1.7,3.4,2.16,1.24,0.3637,18-34,Non-binary
2025-04-30,Good Humor Strawberry Shortcake Bar,Midwest,67,1.7,113.9,72.47,41.43,0.3637,18-34,Prefer not to say
2025-04-30,Good Humor Strawberry Shortcake Bar,Midwest,78,1.7,132.6,84.37,48.23,0.3637,35-54,Male
2025-04-30,Good Humor Strawberry Shortcake Bar,Midwest,101,1.7,171.7,109.25,62.45,0.3637,35-54,Female
2025-04-30,Good Humor Strawberry Shortcake Bar,Midwest,4,1.7,6.8,4.33,2.47,0.3637,35-54,Non-binary
2025-04-30,Good Humor Strawberry Shortcake Bar,Midwest,120,1.7,204.0,129.8,74.2,0.3637,35-54,Prefer not to say
2025-04-30,Good Humor Strawberry Shortcake Bar,Midwest,77,1.7,130.9,83.29,47.61,0.3637,55+,Male
2025-04-30,Good Humor Strawberry Shortcake Bar,Midwest,99,1.7,168.3,107.08,61.22,0.3637,55+,Female
2025-04-30,Good Humor Strawberry Shortcake Bar,Midwest,4,1.7,6.8,4.33,2.47,0.3637,55+,Non-binary
2025-04-30,Good Humor Strawberry Shortcake Bar,Midwest,117,1.7,198.9,126.55,72.35,0.3637,55+,Prefer not to say
2025-04-30,Good Humor Strawberry Shortcake Bar,South,11,2.59,28.49,18.09,10.4,0.3649,<18,Male
2025-04-30,Good Humor Strawberry Shortcake Bar,South,3,2.59,7.77,4.93,2.84,0.3649,<18,Female
2025-04-30,Good Humor Strawberry Shortcake Bar,South,11,2.59,28.49,18.09,10.4,0.3649,<18,Non-binary
2025-04-30,Good Humor Strawberry Shortcake Bar,South,10,2.59,25.9,16.45,9.45,0.3649,<18,Prefer not to say
2025-04-30,Good Humor Strawberry Shortcake Bar,South,28,2.59,72.52,46.06,26.46,0.3649,18-34,Male
2025-04-30,Good Humor Strawberry Shortcake Bar,South,8,2.59,20.72,13.16,7.56,0.3649,18-34,Female
2025-04-30,Good Humor Strawberry Shortcake Bar,South,29,2.59,75.11,47.7,27.41,0.3649,18-34,Non-binary
2025-04-30,Good Humor Strawberry Shortcake Bar,South,25,2.59,64.75,41.12,23.63,0.3649,18-34,Prefer not to say
2025-04-30,Good Humor Strawberry Shortcake Bar,South,181,2.59,468.79,297.73,171.06,0.3649,35-54,Male
2025-04-30,Good Humor Strawberry Shortcake Bar,South,52,2.59,134.68,85.54,49.14,0.3649,35-54,Female
2025-04-30,Good Humor Strawberry Shortcake Bar,South,184,2.59,476.56,302.67,173.89,0.3649,35-54,Non-binary
2025-04-30,Good Humor Strawberry Shortcake Bar,South,164,2.59,424.76,269.77,154.99,0.3649,35-54,Prefer not to say
2025-04-30,Good Humor Strawberry Shortcake Bar,South,74,2.59,191.66,121.72,69.94,0.3649,55+,Male
2025-04-30,Good Humor Strawberry Shortcake Bar,South,21,2.59,54.39,34.54,19.85,0.3649,55+,Female
2025-04-30,Good Humor Strawberry Shortcake Bar,South,75,2.59,194.25,123.37,70.88,0.3649,55+,Non-binary
2025-04-30,Good Humor Strawberry Shortcake Bar,South,67,2.59,173.53,110.21,63.32,0.3649,55+,Prefer not to say
2025-04-30,Good Humor Strawberry Shortcake Bar,West,121,2.86,346.06,239.86,106.2,0.3069,<18,Male
2025-04-30,Good Humor Strawberry Shortcake Bar,West,1,2.86,2.86,1.98,0.88,0.3069,<18,Female
2025-04-30,Good Humor Strawberry Shortcake Bar,West,21,2.86,60.06,41.63,18.43,0.3069,<18,Non-binary
2025-04-30,Good Humor Strawberry Shortcake Bar,West,66,2.86,188.76,130.83,57.93,0.3069,<18,Prefer not to say
2025-04-30,Good Humor Strawberry Shortcake Bar,West,47,2.86,134.42,93.17,41.25,0.3069,18-34,Male
2025-04-30,Good Humor Strawberry Shortcake Bar,West,8,2.86,22.88,15.86,7.02,0.3069,18-34,Non-binary
2025-04-30,Good Humor Strawberry Shortcake Bar,West,26,2.86,74.36,51.54,22.82,0.3069,18-34,Prefer not to say
2025-04-30,Good Humor Strawberry Shortcake Bar,West,89,2.86,254.54,176.42,78.12,0.3069,35-54,Male
2025-04-30,Good Humor Strawberry Shortcake Bar,West,1,2.86,2.86,1.98,0.88,0.3069,35-54,Female
2025-04-30,Good Humor Strawberry Shortcake Bar,West,16,2.86,45.76,31.72,14.04,0.3069,35-54,Non-binary
2025-04-30,Good Humor Strawberry Shortcake Bar,West,49,2.86,140.14,97.13,43.01,0.3069,35-54,Prefer not to say
2025-04-30,Good Humor Strawberry Shortcake Bar,West,123,2.86,351.78,243.82,107.96,0.3069,55+,Male
2025-04-30,Good Humor Strawberry Shortcake Bar,West,1,2.86,2.86,1.98,0.88,0.3069,55+,Female
2025-04-30,Good Humor Strawberry Shortcake Bar,West,21,2.86,60.06,41.63,18.43,0.3069,55+,Non-binary
2025-04-30,Good Humor Strawberry Shortcake Bar,West,67,2.86,191.62,132.81,58.81,0.3069,55+,Prefer not to say
2025-04-30,Good Humor Chocolate Eclair Bar,Northeast,1,2.3,2.3,1.67,0.63,0.2754,<18,Male
2025-04-30,Good Humor Chocolate Eclair Bar,Northeast,2,2.3,4.6,3.33,1.27,0.2754,<18,Non-binary
2025-04-30,Good Humor Chocolate Eclair Bar,Northeast,9,2.3,20.7,15.0,5.7,0.2754,<18,Prefer not to say
2025-04-30,Good Humor Chocolate Eclair Bar,Northeast,25,2.3,57.5,41.66,15.84,0.2754,18-34,Male
2025-04-30,Good Humor Chocolate Eclair Bar,Northeast,47,2.3,108.1,78.33,29.77,0.2754,18-34,Non-binary
2025-04-30,Good Humor Chocolate Eclair Bar,Northeast,291,2.3,669.3,484.97,184.33,0.2754,18-34,Prefer not to say
2025-04-30,Good Humor Chocolate Eclair Bar,Northeast,9,2.3,20.7,15.0,5.7,0.2754,35-54,Male
2025-04-30,Good Humor Chocolate Eclair Bar,Northeast,17,2.3,39.1,28.33,10.77,0.2754,35-54,Non-binary
2025-04-30,Good Humor Chocolate Eclair Bar,Northeast,106,2.3,243.8,176.66,67.14,0.2754,35-54,Prefer not to say
2025-04-30,Good Humor Chocolate Eclair Bar,Northeast,1,2.3,2.3,1.67,0.63,0.2754,55+,Male
2025-04-30,Good Humor Chocolate Eclair Bar,Northeast,2,2.3,4.6,3.33,1.27,0.2754,55+,Non-binary
2025-04-30,Good Humor Chocolate Eclair Bar,Northeast,12,2.3,27.6,20.0,7.6,0.2754,55+,Prefer not to say
2025-04-30,Good Humor Chocolate Eclair Bar,Midwest,8,3.0,24.0,16.04,7.96,0.3319,<18,Male
2025-04-30,Good Humor Chocolate Eclair Bar,Midwest,1,3.0,3.0,2.0,1.0,0.3319,<18,Female
2025-04-30,Good Humor Chocolate Eclair Bar,Midwest,1,3.0,3.0,2.0,1.0,0.3319,<18,Non-binary
2025-04-30,Good Humor Chocolate Eclair Bar,Midwest,4,3.0,12.0,8.02,3.98,0.3319,<18,Prefer not to say
2025-04-30,Good Humor Chocolate Eclair Bar,Midwest,434,3.0,1302.0,869.92,432.08,0.3319,18-34,Male
2025-04-30,Good Humor Chocolate Eclair Bar,Midwest,38,3.0,114.0,76.17,37.83,0.3319,18-34,Female
2025-04-30,Good Humor Chocolate Eclair Bar,Midwest,36,3.0,108.0,72.16,35.84,0.3319,18-34,Non-binary
2025-04-30,Good Humor Chocolate Eclair Bar,Midwest,215,3.0,645.0,430.95,214.05,0.3319,18-34,Prefer not to say
2025-04-30,Good Humor Chocolate Eclair Bar,Midwest,469,3.0,1407.0,940.08,466.92,0.3319,35-54,Male
2025-04-30,Good Humor Chocolate Eclair Bar,Midwest,41,3.0,123.0,82.18,40.82,0.3319,35-54,Female
2025-04-30,Good Humor Chocolate Eclair Bar,Midwest,39,3.0,117.0,78.17,38.83,0.3319,35-54,Non-binary
2025-04-30,Good Humor Chocolate Eclair Bar,Midwest,233,3.0,699.0,467.03,231.97,0.3319,35-54,Prefer not to say
2025-04-30,Good Humor Chocolate Eclair Bar,Midwest,127,3.0,381.0,254.56,126.44,0.3319,55+,Male
2025-04-30,Good Humor Chocolate Eclair Bar,Midwest,11,3.0,33.0,22.05,10.95,0.3319,55+,Female
2025-04-30,Good Humor Chocolate Eclair Bar,Midwest,10,3.0,30.0,20.04,9.96,0.3319,55+,Non-binary
2025-04-30,Good Humor Chocolate Eclair Bar,Midwest,63,3.0,189.0,126.28,62.72,0.3319,55+,Prefer not to say
2025-04-30,Good Humor Chocolate Eclair Bar,South,3,2.7,8.1,6.02,2.08,0.2567,<18,Male
2025-04-30,Good Humor Chocolate Eclair Bar,South,11,2.7,29.7,22.08,7.62,0.2567,<18,Female
2025-04-30,Good Humor Chocolate Eclair Bar,South,3,2.7,8.1,6.02,2.08,0.2567,<18,Non-binary
2025-04-30,Good Humor Chocolate Eclair Bar,South,14,2.7,37.8,28.1,9.7,0.2567,<18,Prefer not to say
2025-04-30,Good Humor Chocolate Eclair Bar,South,8,2.7,21.6,16.05,5.55,0.2567,18-34,Male
2025-04-30,Good Humor Chocolate Eclair Bar,South,31,2.7,83.7,62.21,21.49,0.2567,18-34,Female
2025-04-30,Good Humor Chocolate Eclair Bar,South,9,2.7,24.3,18.06,6.24,0.2567,18-34,Non-binary
2025-04-30,Good Humor Chocolate Eclair Bar,South,39,2.7,105.3,78.27,27.03,0.2567,18-34,Prefer not to say
2025-04-30,Good Humor Chocolate Eclair Bar,South,4,2.7,10.8,8.03,2.77,0.2567,35-54,Male
2025-04-30,Good Humor Chocolate Eclair Bar,South,16,2.7,43.2,32.11,11.09,0.2567,35-54,Female
2025-04-30,Good Humor Chocolate Eclair Bar,South,5,2.7,13.5,10.03,3.47,0.2567,35-54,Non-binary
2025-04-30,Good Humor Chocolate Eclair Bar,South,21,2.7,56.7,42.14,14.56,0.2567,35-54,Prefer not to say
2025-04-30,Good Humor Chocolate Eclair Bar,South,91,2.7,245.7,182.62,63.08,0.2567,55+,Male
2025-04-30,Good Humor Chocolate Eclair Bar,South,357,2.7,963.9,716.44,247.46,0.2567,55+,Female
2025-04-30,Good Humor Chocolate Eclair Bar,South,100,2.7,270.0,200.68,69.32,0.2567,55+,Non-binary
2025-04-30,Good Humor Chocolate Eclair Bar,South,454,2.7,1225.8,911.11,314.69,0.2567,55+,Prefer not to say
2025-04-30,Good Humor Chocolate Eclair Bar,West,332,1.59,527.88,360.26,167.62,0.3175,<18,Male
2025-04-30,Good Humor Chocolate Eclair Bar,West,290,1.59,461.1,314.68,146.42,0.3175,<18,Female
2025-04-30,Good Humor Chocolate Eclair Bar,West,64,1.59,101.76,69.45,32.31,0.3175,<18,Non-binary
2025-04-30,Good Humor Chocolate Eclair Bar,West,198,1.59,314.82,214.85,99.97,0.3175,<18,Prefer not to say
2025-04-30,Good Humor Chocolate Eclair Bar,West,169,1.59,268.71,183.38,85.33,0.3175,18-34,Male
2025-04-30,Good Humor Chocolate Eclair Bar,West,148,1.59,235.32,160.6,74.72,0.3175,18-34,Female
2025-04-30,Good Humor Chocolate Eclair Bar,West,33,1.59,52.47,35.81,16.66,0.3175,18-34,Non-binary
2025-04-30,Good Humor Chocolate Eclair Bar,West,101,1.59,160.59,109.6,50.99,0.3175,18-34,Prefer not to say
2025-04-30,Good Humor Chocolate Eclair Bar,West,22,1.59,34.98,23.87,11.11,0.3175,35-54,Male
2025-04-30,Good Humor Chocolate Eclair Bar,West,20,1.59,31.8,21.7,10.1,0.3175,35-54,Female
2025-04-30,Good Humor Chocolate Eclair Bar,West,4,1.59,6.36,4.34,2.02,0.3175,35-54,Non-binary
2025-04-30,Good Humor Chocolate Eclair Bar,West,13,1.59,20.67,14.11,6.56,0.3175,35-54,Prefer not to say
2025-04-30,Good Humor Chocolate Eclair Bar,West,127,1.59,201.93,137.81,64.12,0.3175,55+,Male
2025-04-30,Good Humor Chocolate Eclair Bar,West,111,1.59,176.49,120.45,56.04,0.3175,55+,Female
2025-04-30,Good Humor Chocolate Eclair Bar,West,24,1.59,38.16,26.04,12.12,0.3175,55+,Non-binary
2025-04-30,Good Humor Chocolate Eclair Bar,West,75,1.59,119.25,81.38,37.87,0.3175,55+,Prefer not to say
2025-05-31,Good Humor Classic Bar,Northeast,29,2.54,73.66,55.71,17.95,0.2436,<18,Male
2025-05-31,Good Humor Classic Bar,Northeast,3,2.54,7.62,5.76,1.86,0.2436,<18,Female
2025-05-31,Good Humor Classic Bar,Northeast,15,2.54,38.1,28.82,9.28,0.2436,<18,Non-binary
2025-05-31,Good Humor Classic Bar,Northeast,15,2.54,38.1,28.82,9.28,0.2436,<18,Prefer not to say
2025-05-31,Good Humor Classic Bar,Northeast,198,2.54,502.92,380.39,122.53,0.2436,18-34,Male
2025-05-31,Good Humor Classic Bar,Northeast,17,2.54,43.18,32.66,10.52,0.2436,18-34,Female
2025-05-31,Good Humor Classic Bar,Northeast,102,2.54,259.08,195.96,63.12,0.2436,18-34,Non-binary
2025-05-31,Good Humor Classic Bar,Northeast,103,2.54,261.62,197.88,63.74,0.2436,18-34,Prefer not to say
2025-05-31,Good Humor Classic Bar,Northeast,306,2.54,777.24,587.87,189.37,0.2436,35-54,Male
2025-05-31,Good Humor Classic Bar,Northeast,27,2.54,68.58,51.87,16.71,0.2436,35-54,Female
2025-05-31,Good Humor Classic Bar,Northeast,158,2.54,401.32,303.54,97.78,0.2436,35-54,Non-binary
2025-05-31,Good Humor Classic Bar,Northeast,159,2.54,403.86,305.46,98.4,0.2436,35-54,Prefer not to say
2025-05-31,Good Humor Classic Bar,Northeast,7,2.54,17.78,13.45,4.33,0.2436,55+,Male
2025-05-31,Good Humor Classic Bar,Northeast,1,2.54,2.54,1.92,0.62,0.2436,55+,Female
2025-05-31,Good Humor Classic Bar,Northeast,4,2.54,10.16,7.68,2.48,0.2436,55+,Non-binary
2025-05-31,Good Humor Classic Bar,Northeast,4,2.54,10.16,7.68,2.48,0.2436,55+,Prefer not to say
2025-05-31,Good Humor Classic Bar,Midwest,52,1.73,89.96,69.14,20.82,0.2314,<18,Male
2025-05-31,Good Humor Classic Bar,Midwest,32,1.73,55.36,42.55,12.81,0.2314,<18,Female
2025-05-31,Good Humor Classic Bar,Midwest,56,1.73,96.88,74.46,22.42,0.2314,<18,Non-binary
2025-05-31,Good Humor Classic Bar,Midwest,87,1.73,150.51,115.68,34.83,0.2314,<18,Prefer not to say
2025-05-31,Good Humor Classic Bar,Midwest,66,1.73,114.18,87.76,26.42,0.2314,18-34,Male
2025-05-31,Good Humor Classic Bar,Midwest,41,1.73,70.93,54.52,16.41,0.2314,18-34,Female
2025-05-31,Good Humor Classic Bar,Midwest,71,1.73,122.83,94.41,28.42,0.2314,18-34,Non-binary
2025-05-31,Good Humor Classic Bar,Midwest,111,1.73,192.03,147.6,44.43,0.2314,18-34,Prefer not to say
2025-05-31,Good Humor Classic Bar,Midwest,31,1.73,53.63,41.22,12.41,0.2314,35-54,Male
2025-05-31,Good Humor Classic Bar,Midwest,19,1.73,32.87,25.26,7.61,0.2314,35-54,Female
2025-05-31,Good Humor Classic Bar,Midwest,34,1.73,58.82,45.21,13.61,0.2314,35-54,Non-binary
2025-05-31,Good Humor Classic Bar,Midwest,53,1.73,91.69,70.47,21.22,0.2314,35-54,Prefer not to say
2025-05-31,Good Humor Classic Bar,Midwest,16,1.73,27.68,21.28,6.4,0.2314,55+,Male
2025-05-31,Good Humor Classic Bar,Midwest,10,1.73,17.3,13.3,4.0,0.2314,55+,Female
2025-05-31,Good Humor Classic Bar,Midwest,17,1.73,29.41,22.6,6.81,0.2314,55+,Non-binary
2025-05-31,Good Humor Classic Bar,Midwest,26,1.73,44.98,34.57,10.41,0.2314,55+,Prefer not to say
2025-05-31,Good Humor Classic Bar,South,247,2.6,642.2,398.27,243.93,0.3798,<18,Male
2025-05-31,Good Humor Classic Bar,South,146,2.6,379.6,235.41,144.19,0.3798,<18,Female
2025-05-31,Good Humor Classic Bar,South,98,2.6,254.8,158.02,96.78,0.3798,<18,Non-binary
2025-05-31,Good Humor Classic Bar,South,89,2.6,231.4,143.51,87.89,0.3798,<18,Prefer not to say
2025-05-31,Good Humor Classic Bar,South,79,2.6,205.4,127.38,78.02,0.3798,18-34,Male
2025-05-31,Good Humor Classic Bar,South,46,2.6,119.6,74.17,45.43,0.3798,18-34,Female
2025-05-31,Good Humor Classic Bar,South,31,2.6,80.6,49.99,30.61,0.3798,18-34,Non-binary
2025-05-31,Good Humor Classic Bar,South,28,2.6,72.8,45.15,27.65,0.3798,18-34,Prefer not to say
2025-05-31,Good Humor Classic Bar,South,291,2.6,756.6,469.22,287.38,0.3798,35-54,Male
2025-05-31,Good Humor Classic Bar,South,172,2.6,447.2,277.34,169.86,0.3798,35-54,Female
2025-05-31,Good Humor Classic Bar,South,115,2.6,299.0,185.43,113.57,0.3798,35-54,Non-binary
2025-05-31,Good Humor Classic Bar,South,105,2.6,273.0,169.31,103.69,0.3798,35-54,Prefer not to say
2025-05-31,Good Humor Classic Bar,South,33,2.6,85.8,53.21,32.59,0.3798,55+,Male
2025-05-31,Good Humor Classic Bar,South,19,2.6,49.4,30.64,18.76,0.3798,55+,Female
2025-05-31,Good Humor Classic Bar,South,13,2.6,33.8,20.96,12.84,0.3798,55+,Non-binary
2025-05-31,Good Humor Classic Bar,South,12,2.6,31.2,19.35,11.85,0.3798,55+,Prefer not to say
2025-05-31,Good Humor Classic Bar,West,22,1.97,43.34,30.58,12.76,0.2943,<18,Male
2025-05-31,Good Humor Classic Bar,West,16,1.97,31.52,22.24,9.28,0.2943,<18,Female
2025-05-31,Good Humor Classic Bar,West,7,1.97,13.79,9.73,4.06,0.2943,<18,Non-binary
2025-05-31,Good Humor Classic Bar,West,41,1.97,80.77,57.0,23.77,0.2943,<18,Prefer not to say
2025-05-31,Good Humor Classic Bar,West,14,1.97,27.58,19.46,8.12,0.2943,18-34,Male
2025-05-31,Good Humor Classic Bar,West,10,1.97,19.7,13.9,5.8,0.2943,18-34,Female
2025-05-31,Good Humor Classic Bar,West,4,1.97,7.88,5.56,2.32,0.2943,18-34,Non-binary
2025-05-31,Good Humor Classic Bar,West,25,1.97,49.25,34.75,14.5,0.2943,18-34,Prefer not to say
2025-05-31,Good Humor Classic Bar,West,52,1.97,102.44,72.29,30.15,0.2943,35-54,Male
2025-05-31,Good Humor Classic Bar,West,37,1.97,72.89,51.44,21.45,0.2943,35-54,Female
2025-05-31,Good Humor Classic Bar,West,16,1.97,31.52,22.24,9.28,0.2943,35-54,Non-binary
2025-05-31,Good Humor Classic Bar,West,94,1.97,185.18,130.68,54.5,0.2943,35-54,Prefer not to say
2025-05-31,Good Humor Classic Bar,West,53,1.97,104.41,73.68,30.73,0.2943,55+,Male
2025-05-31,Good Humor Classic Bar,West,38,1.97,74.86,52.83,22.03,0.2943,55+,Female
2025-05-31,Good Humor Classic Bar,West,16,1.97,31.52,22.24,9.28,0.2943,55+,Non-binary
2025-05-31,Good Humor Classic Bar,West,95,1.97,187.15,132.07,55.08,0.2943,55+,Prefer not to say
2025-05-31,Good Humor Strawberry Shortcake Bar,Northeast,2,2.74,5.48,3.36,2.12,0.387,<18,Male
2025-05-31,Good Humor Strawberry Shortcake Bar,Northeast,1,2.74,2.74,1.68,1.06,0.387,<18,Female
2025-05-31,Good Humor Strawberry Shortcake Bar,Northeast,1,2.74,2.74,1.68,1.06,0.387,<18,Non-binary
2025-05-31,Good Humor Strawberry Shortcake Bar,Northeast,1,2.74,2.74,1.68,1.06,0.387,<18,Prefer not to say
2025-05-31,Good Humor Strawberry Shortcake Bar,Northeast,142,2.74,389.08,238.5,150.58,0.387,18-34,Male
2025-05-31,Good Humor Strawberry Shortcake Bar,Northeast,63,2.74,172.62,105.81,66.81,0.387,18-34,Female
2025-05-31,Good Humor Strawberry Shortcake Bar,Northeast,65,2.74,178.1,109.17,68.93,0.387,18-34,Non-binary
2025-05-31,Good Humor Strawberry Shortcake Bar,Northeast,76,2.74,208.24,127.65,80.59,0.387,18-34,Prefer not to say
2025-05-31,Good Humor Strawberry Shortcake Bar,Northeast,53,2.74,145.22,89.02,56.2,0.387,35-54,Male
2025-05-31,Good Humor Strawberry Shortcake Bar,Northeast,23,2.74,63.02,38.63,24.39,0.387,35-54,Female
2025-05-31,Good Humor Strawberry Shortcake Bar,Northeast,24,2.74,65.76,40.31,25.45,0.387,35-54,Non-binary
2025-05-31,Good Humor Strawberry Shortcake Bar,Northeast,28,2.74,76.72,47.03,29.69,0.387,35-54,Prefer not to say
2025-05-31,Good Humor Strawberry Shortcake Bar,Northeast,163,2.74,446.62,273.77,172.85,0.387,55+,Male
2025-05-31,Good Humor Strawberry Shortcake Bar,Northeast,72,2.74,197.28,120.93,76.35,0.387,55+,Female
2025-05-31,Good Humor Strawberry Shortcake Bar,Northeast,75,2.74,205.5,125.97,79.53,0.387,55+,Non-binary
2025-05-31,Good Humor Strawberry Shortcake Bar,Northeast,87,2.74,238.38,146.12,92.26,0.387,55+,Prefer not to say
2025-05-31,Good Humor Strawberry Shortcake Bar,Midwest,5,2.78,13.9,11.1,2.8,0.2017,<18,Male
2025-05-31,Good Humor Strawberry Shortcake Bar,Midwest,7,2.78,19.46,15.54,3.92,0.2017,<18,Female
2025-05-31,Good Humor Strawberry Shortcake Bar,Midwest,15,2.78,41.7,33.29,8.41,0.2017,<18,Non-binary
2025-05-31,Good Humor Strawberry Shortcake Bar,Midwest,134,2.78,372.52,297.39,75.13,0.2017,<18,Prefer not to say
2025-05-31,Good Humor Strawberry Shortcake Bar,Midwest,1,2.78,2.78,2.22,0.56,0.2017,18-34,Male
2025-05-31,Good Humor Strawberry Shortcake Bar,Midwest,2,2.78,5.56,4.44,1.12,0.2017,18-34,Female
2025-05-31,Good Humor Strawberry Shortcake Bar,Midwest,3,2.78,8.34,6.66,1.68,0.2017,18-34,Non-binary
2025-05-31,Good Humor Strawberry Shortcake Bar,Midwest,30,2.78,83.4,66.58,16.82,0.2017,18-34,Prefer not to say
2025-05-31,Good Humor Strawberry Shortcake Bar,Midwest,6,2.78,16.68,13.32,3.36,0.2017,35-54,Male
2025-05-31,Good Humor Strawberry Shortcake Bar,Midwest,9,2.78,25.02,19.97,5.05,0.2017,35-54,Female
2025-05-31,Good Humor Strawberry Shortcake Bar,Midwest,17,2.78,47.26,37.73,9.53,0.2017,35-54,Non-binary
2025-05-31,Good Humor Strawberry Shortcake Bar,Midwest,155,2.78,430.9,344.0,86.9,0.2017,35-54,Prefer not to say
2025-05-31,Good Humor Strawberry Shortcake Bar,Midwest,8,2.78,22.24,17.75,4.49,0.2017,55+,Male
2025-05-31,Good Humor Strawberry Shortcake Bar,Midwest,11,2.78,30.58,24.41,6.17,0.2017,55+,Female
2025-05-31,Good Humor Strawberry Shortcake Bar,Midwest,22,2.78,61.16,48.83,12.33,0.2017,55+,Non-binary
2025-05-31,Good Humor Strawberry Shortcake Bar,Midwest,200,2.78,556.0,443.87,112.13,0.2017,55+,Prefer not to say
2025-05-31,Good Humor Strawberry Shortcake Bar,South,1,2.48,2.48,1.92,0.56,0.2278,<18,Male
2025-05-31,Good Humor Strawberry Shortcake Bar,South,10,2.48,24.8,19.15,5.65,0.2278,<18,Female
2025-05-31,Good Humor Strawberry Shortcake Bar,South,34,2.48,84.32,65.11,19.21,0.2278,<18,Non-binary
2025-05-31,Good Humor Strawberry Shortcake Bar,South,45,2.48,111.6,86.18,25.42,0.2278,<18,Prefer not to say
2025-05-31,Good Humor Strawberry Shortcake Bar,South,3,2.48,7.44,5.75,1.69,0.2278,18-34,Female
2025-05-31,Good Humor Strawberry Shortcake Bar,South,9,2.48,22.32,17.24,5.08,0.2278,18-34,Non-binary
2025-05-31,Good Humor Strawberry Shortcake Bar,South,12,2.48,29.76,22.98,6.78,0.2278,18-34,Prefer not to say
2025-05-31,Good Humor Strawberry Shortcake Bar,South,1,2.48,2.48,1.92,0.56,0.2278,35-54,Male
2025-05-31,Good Humor Strawberry Shortcake Bar,South,13,2.48,32.24,24.9,7.34,0.2278,35-54,Female
2025-05-31,Good Humor Strawberry Shortcake Bar,South,44,2.48,109.12,84.27,24.85,0.2278,35-54,Non-binary
2025-05-31,Good Humor Strawberry Shortcake Bar,South,58,2.48,143.84,111.08,32.76,0.2278,35-54,Prefer not to say
2025-05-31,Good Humor Strawberry Shortcake Bar,South,7,2.48,17.36,13.41,3.95,0.2278,55+,Male
2025-05-31,Good Humor Strawberry Shortcake Bar,South,124,2.48,307.52,237.48,70.04,0.2278,55+,Female
2025-05-31,Good Humor Strawberry Shortcake Bar,South,413,2.48,1024.24,790.95,233.29,0.2278,55+,Non-binary
2025-05-31,Good Humor Strawberry Shortcake Bar,South,544,2.48,1349.12,1041.83,307.29,0.2278,55+,Prefer not to say
2025-05-31,Good Humor Strawberry Shortcake Bar,West,2,2.19,4.38,2.66,1.72,0.3938,<18,Male
2025-05-31,Good Humor Strawberry Shortcake Bar,West,4,2.19,8.76,5.31,3.45,0.3938,<18,Female
2025-05-31,Good Humor Strawberry Shortcake Bar,West,10,2.19,21.9,13.28,8.62,0.3938,<18,Non-binary
2025-05-31,Good Humor Strawberry Shortcake Bar,West,3,2.19,6.57,3.98,2.59,0.3938,<18,Prefer not to say
2025-05-31,Good Humor Strawberry Shortcake Bar,West,159,2.19,348.21,211.09,137.12,0.3938,18-34,Male
2025-05-31,Good Humor Strawberry Shortcake Bar,West,301,2.19,659.19,399.62,259.57,0.3938,18-34,Female
2025-05-31,Good Humor Strawberry Shortcake Bar,West,657,2.19,1438.83,872.26,566.57,0.3938,18-34,Non-binary
2025-05-31,Good Humor Strawberry Shortcake Bar,West,224,2.19,490.56,297.39,193.17,0.3938,18-34,Prefer not to say
2025-05-31,Good Humor Strawberry Shortcake Bar,West,3,2.19,6.57,3.98,2.59,0.3938,35-54,Male
2025-05-31,Good Humor Strawberry Shortcake Bar,West,5,2.19,10.95,6.64,4.31,0.3938,35-54,Female
2025-05-31,Good Humor Strawberry Shortcake Bar,West,11,2.19,24.09,14.6,9.49,0.3938,35-54,Non-binary
2025-05-31,Good Humor Strawberry Shortcake Bar,West,4,2.19,8.76,5.31,3.45,0.3938,35-54,Prefer not to say
2025-05-31,Good Humor Strawberry Shortcake Bar,West,52,2.19,113.88,69.04,44.84,0.3938,55+,Male
2025-05-31,Good Humor Strawberry Shortcake Bar,West,98,2.19,214.62,130.11,84.51,0.3938,55+,Female
2025-05-31,Good Humor Strawberry Shortcake Bar,West,215,2.19,470.85,285.44,185.41,0.3938,55+,Non-binary
2025-05-31,Good Humor Strawberry Shortcake Bar,West,73,2.19,159.87,96.92,62.95,0.3938,55+,Prefer not to say
2025-05-31,Good Humor Chocolate Eclair Bar,Northeast,13,1.72,22.36,17.12,5.24,0.2344,<18,Male
2025-05-31,Good Humor Chocolate Eclair Bar,Northeast,10,1.72,17.2,13.17,4.03,0.2344,<18,Female
2025-05-31,Good Humor Chocolate Eclair Bar,Northeast,1,1.72,1.72,1.32,0.4,0.2344,<18,Non-binary
2025-05-31,Good Humor Chocolate Eclair Bar,Northeast,12,1.72,20.64,15.8,4.84,0.2344,<18,Prefer not to say
2025-05-31,Good Humor Chocolate Eclair Bar,Northeast,9,1.72,15.48,11.85,3.63,0.2344,18-34,Male
2025-05-31,Good Humor Chocolate Eclair Bar,Northeast,7,1.72,12.04,9.22,2.82,0.2344,18-34,Female
2025-05-31,Good Humor Chocolate Eclair Bar,Northeast,1,1.72,1.72,1.32,0.4,0.2344,18-34,Non-binary
2025-05-31,Good Humor Chocolate Eclair Bar,Northeast,8,1.72,13.76,10.53,3.23,0.2344,18-34,Prefer not to say
2025-05-31,Good Humor Chocolate Eclair Bar,Northeast,259,1.72,445.48,341.05,104.43,0.2344,35-54,Male
2025-05-31,Good Humor Chocolate Eclair Bar,Northeast,205,1.72,352.6,269.94,82.66,0.2344,35-54,Female
2025-05-31,Good Humor Chocolate Eclair Bar,Northeast,27,1.72,46.44,35.55,10.89,0.2344,35-54,Non-binary
2025-05-31,Good Humor Chocolate Eclair Bar,Northeast,232,1.72,399.04,305.49,93.55,0.2344,35-54,Prefer not to say
2025-05-31,Good Humor Chocolate Eclair Bar,Northeast,38,1.72,65.36,50.04,15.32,0.2344,55+,Male
2025-05-31,Good Humor Chocolate Eclair Bar,Northeast,30,1.72,51.6,39.5,12.1,0.2344,55+,Female
2025-05-31,Good Humor Chocolate Eclair Bar,Northeast,4,1.72,6.88,5.27,1.61,0.2344,55+,Non-binary
2025-05-31,Good Humor Chocolate Eclair Bar,Northeast,34,1.72,58.48,44.77,13.71,0.2344,55+,Prefer not to say
2025-05-31,Good Humor Chocolate Eclair Bar,Midwest,35,2.86,100.1,78.21,21.89,0.2187,<18,Male
2025-05-31,Good Humor Chocolate Eclair Bar,Midwest,91,2.86,260.26,203.34,56.92,0.2187,<18,Female
2025-05-31,Good Humor Chocolate Eclair Bar,Midwest,145,2.86,414.7,324.0,90.7,0.2187,<18,Non-binary
2025-05-31,Good Humor Chocolate Eclair Bar,Midwest,133,2.86,380.38,297.19,83.19,0.2187,<18,Prefer not to say
2025-05-31,Good Humor Chocolate Eclair Bar,Midwest,13,2.86,37.18,29.05,8.13,0.2187,18-34,Male
2025-05-31,Good Humor Chocolate Eclair Bar,Midwest,33,2.86,94.38,73.74,20.64,0.2187,18-34,Female
2025-05-31,Good Humor Chocolate Eclair Bar,Midwest,52,2.86,148.72,116.19,32.53,0.2187,18-34,Non-binary
2025-05-31,Good Humor Chocolate Eclair Bar,Midwest,48,2.86,137.28,107.26,30.02,0.2187,18-34,Prefer not to say
2025-05-31,Good Humor Chocolate Eclair Bar,Midwest,11,2.86,31.46,24.58,6.88,0.2187,35-54,Male
2025-05-31,Good Humor Chocolate Eclair Bar,Midwest,29,2.86,82.94,64.8,18.14,0.2187,35-54,Female
2025-05-31,Good Humor Chocolate Eclair Bar,Midwest,46,2.86,131.56,102.79,28.77,0.2187,35-54,Non-binary
2025-05-31,Good Humor Chocolate Eclair Bar,Midwest,42,2.86,120.12,93.85,26.27,0.2187,35-54,Prefer not to say
2025-05-31,Good Humor Chocolate Eclair Bar,Midwest,17,2.86,48.62,37.99,10.63,0.2187,55+,Male
2025-05-31,Good Humor Chocolate Eclair Bar,Midwest,45,2.86,128.7,100.55,28.15,0.2187,55+,Female
2025-05-31,Good Humor Chocolate Eclair Bar,Midwest,71,2.86,203.06,158.65,44.41,0.2187,55+,Non-binary
2025-05-31,Good Humor Chocolate Eclair Bar,Midwest,66,2.86,188.76,147.48,41.28,0.2187,55+,Prefer not to say
2025-05-31,Good Humor Chocolate Eclair Bar,South,1,2.62,2.62,1.72,0.9,0.342,<18,Male
2025-05-31,Good Humor Chocolate Eclair Bar,South,5,2.62,13.1,8.62,4.48,0.342,<18,Female
2025-05-31,Good Humor Chocolate Eclair Bar,South,1,2.62,2.62,1.72,0.9,0.342,<18,Non-binary
2025-05-31,Good Humor Chocolate Eclair Bar,South,1,2.62,2.62,1.72,0.9,0.342,<18,Prefer not to say
2025-05-31,Good Humor Chocolate Eclair Bar,South,25,2.62,65.5,43.1,22.4,0.342,18-34,Male
2025-05-31,Good Humor Chocolate Eclair Bar,South,210,2.62,550.2,362.06,188.14,0.342,18-34,Female
2025-05-31,Good Humor Chocolate Eclair Bar,South,55,2.62,144.1,94.82,49.28,0.342,18-34,Non-binary
2025-05-31,Good Humor Chocolate Eclair Bar,South,25,2.62,65.5,43.1,22.4,0.342,18-34,Prefer not to say
2025-05-31,Good Humor Chocolate Eclair Bar,South,32,2.62,83.84,55.17,28.67,0.342,35-54,Male
2025-05-31,Good Humor Chocolate Eclair Bar,South,265,2.62,694.3,456.88,237.42,0.342,35-54,Female
2025-05-31,Good Humor Chocolate Eclair Bar,South,69,2.62,180.78,118.96,61.82,0.342,35-54,Non-binary
2025-05-31,Good Humor Chocolate Eclair Bar,South,32,2.62,83.84,55.17,28.67,0.342,35-54,Prefer not to say
2025-05-31,Good Humor Chocolate Eclair Bar,South,9,2.62,23.58,15.52,8.06,0.342,55+,Male
2025-05-31,Good Humor Chocolate Eclair Bar,South,77,2.62,201.74,132.75,68.99,0.342,55+,Female
2025-05-31,Good Humor Chocolate Eclair Bar,South,20,2.62,52.4,34.48,17.92,0.342,55+,Non-binary
2025-05-31,Good Humor Chocolate Eclair Bar,South,9,2.62,23.58,15.52,8.06,0.342,55+,Prefer not to say
2025-05-31,Good Humor Chocolate Eclair Bar,West,136,2.07,281.52,171.12,110.4,0.3922,<18,Male
2025-05-31,Good Humor Chocolate Eclair Bar,West,14,2.07,28.98,17.62,11.36,0.3922,<18,Female
2025-05-31,Good Humor Chocolate Eclair Bar,West,341,2.07,705.87,429.05,276.82,0.3922,<18,Non-binary
2025-05-31,Good Humor Chocolate Eclair Bar,West,62,2.07,128.34,78.01,50.33,0.3922,<18,Prefer not to say
2025-05-31,Good Humor Chocolate Eclair Bar,West,23,2.07,47.61,28.94,18.67,0.3922,18-34,Male
2025-05-31,Good Humor Chocolate Eclair Bar,West,2,2.07,4.14,2.52,1.62,0.3922,18-34,Female
2025-05-31,Good Humor Chocolate Eclair Bar,West,58,2.07,120.06,72.98,47.08,0.3922,18-34,Non-binary
2025-05-31,Good Humor Chocolate Eclair Bar,West,10,2.07,20.7,12.58,8.12,0.3922,18-34,Prefer not to say
2025-05-31,Good Humor Chocolate Eclair Bar,West,73,2.07,151.11,91.85,59.26,0.3922,35-54,Male
2025-05-31,Good Humor Chocolate Eclair Bar,West,7,2.07,14.49,8.81,5.68,0.3922,35-54,Female
2025-05-31,Good Humor Chocolate Eclair Bar,West,182,2.07,376.74,229.0,147.74,0.3922,35-54,Non-binary
2025-05-31,Good Humor Chocolate Eclair Bar,West,33,2.07,68.31,41.52,26.79,0.3922,35-54,Prefer not to say
2025-05-31,Good Humor Chocolate Eclair Bar,West,6,2.07,12.42,7.55,4.87,0.3922,55+,Male
2025-05-31,Good Humor Chocolate Eclair Bar,West,1,2.07,2.07,1.26,0.81,0.3922,55+,Female
2025-05-31,Good Humor Chocolate Eclair Bar,West,16,2.07,33.12,20.13,12.99,0.3922,55+,Non-binary
2025-05-31,Good Humor Chocolate Eclair Bar,West,3,2.07,6.21,3.77,2.44,0.3922,55+,Prefer not to say
2025-06-30,Good Humor Classic Bar,Northeast,199,2.24,445.76,298.33,147.43,0.3307,<18,Male
2025-06-30,Good Humor Classic Bar,Northeast,245,2.24,548.8,367.29,181.51,0.3307,<18,Female
2025-06-30,Good Humor Classic Bar,Northeast,134,2.24,300.16,200.89,99.27,0.3307,<18,Non-binary
2025-06-30,Good Humor Classic Bar,Northeast,162,2.24,362.88,242.86,120.02,0.3307,<18,Prefer not to say
2025-06-30,Good Humor Classic Bar,Northeast,50,2.24,112.0,74.96,37.04,0.3307,18-34,Male
2025-06-30,Good Humor Classic Bar,Northeast,62,2.24,138.88,92.95,45.93,0.3307,18-34,Female
2025-06-30,Good Humor Classic Bar,Northeast,34,2.24,76.16,50.97,25.19,0.3307,18-34,Non-binary
2025-06-30,Good Humor Classic Bar,Northeast,41,2.24,91.84,61.47,30.37,0.3307,18-34,Prefer not to say
2025-06-30,Good Humor Classic Bar,Northeast,83,2.24,185.92,124.43,61.49,0.3307,35-54,Male
2025-06-30,Good Humor Classic Bar,Northeast,102,2.24,228.48,152.91,75.57,0.3307,35-54,Female
2025-06-30,Good Humor Classic Bar,Northeast,56,2.24,125.44,83.95,41.49,0.3307,35-54,Non-binary
2025-06-30,Good Humor Classic Bar,Northeast,68,2.24,152.32,101.94,50.38,0.3307,35-54,Prefer not to say
2025-06-30,Good Humor Classic Bar,Northeast,20,2.24,44.8,29.98,14.82,0.3307,55+,Male
2025-06-30,Good Humor Classic Bar,Northeast,25,2.24,56.0,37.48,18.52,0.3307,55+,Female
2025-06-30,Good Humor Classic Bar,Northeast,14,2.24,31.36,20.99,10.37,0.3307,55+,Non-binary
2025-06-30,Good Humor Classic Bar,Northeast,17,2.24,38.08,25.49,12.59,0.3307,55+,Prefer not to say
2025-06-30,Good Humor Classic Bar,Midwest,25,2.64,66.0,45.6,20.4,0.309,<18,Male
2025-06-30,Good Humor Classic Bar,Midwest,226,2.64,596.64,412.25,184.39,0.309,<18,Female
2025-06-30,Good Humor Classic Bar,Midwest,44,2.64,116.16,80.26,35.9,0.309,<18,Non-binary
2025-06-30,Good Humor Classic Bar,Midwest,7,2.64,18.48,12.77,5.71,0.309,<18,Prefer not to say
2025-06-30,Good Humor Classic Bar,Midwest,14,2.64,36.96,25.54,11.42,0.309,18-34,Male
2025-06-30,Good Humor Classic Bar,Midwest,130,2.64,343.2,237.14,106.06,0.309,18-34,Female
2025-06-30,Good Humor Classic Bar,Midwest,25,2.64,66.0,45.6,20.4,0.309,18-34,Non-binary
2025-06-30,Good Humor Classic Bar,Midwest,4,2.64,10.56,7.3,3.26,0.309,18-34,Prefer not to say
2025-06-30,Good Humor Classic Bar,Midwest,40,2.64,105.6,72.97,32.63,0.309,35-54,Male
2025-06-30,Good Humor Classic Bar,Midwest,360,2.64,950.4,656.69,293.71,0.309,35-54,Female
2025-06-30,Good Humor Classic Bar,Midwest,70,2.64,184.8,127.69,57.11,0.309,35-54,Non-binary
2025-06-30,Good Humor Classic Bar,Midwest,10,2.64,26.4,18.24,8.16,0.309,35-54,Prefer not to say
2025-06-30,Good Humor Classic Bar,Midwest,116,2.64,306.24,211.6,94.64,0.309,55+,Male
2025-06-30,Good Humor Classic Bar,Midwest,1057,2.64,2790.48,1928.11,862.37,0.309,55+,Female
2025-06-30,Good Humor Classic Bar,Midwest,204,2.64,538.56,372.12,166.44,0.309,55+,Non-binary
2025-06-30,Good Humor Classic Bar,Midwest,31,2.64,81.84,56.55,25.29,0.309,55+,Prefer not to say
2025-06-30,Good Humor Classic Bar,South,52,2.89,150.28,103.18,47.1,0.3134,<18,Male
2025-06-30,Good Humor Classic Bar,South,146,2.89,421.94,289.69,132.25,0.3134,<18,Female
2025-06-30,Good Humor Classic Bar,South,127,2.89,367.03,251.99,115.04,0.3134,<18,Non-binary
2025-06-30,Good Humor Classic Bar,South,122,2.89,352.58,242.07,110.51,0.3134,<18,Prefer not to say
2025-06-30,Good Humor Classic Bar,South,21,2.89,60.69,41.67,19.02,0.3134,18-34,Male
2025-06-30,Good Humor Classic Bar,South,58,2.89,167.62,115.08,52.54,0.3134,18-34,Female
2025-06-30,Good Humor Classic Bar,South,50,2.89,144.5,99.21,45.29,0.3134,18-34,Non-binary
2025-06-30,Good Humor Classic Bar,South,48,2.89,138.72,95.24,43.48,0.3134,18-34,Prefer not to say
2025-06-30,Good Humor Classic Bar,South,19,2.89,54.91,37.7,17.21,0.3134,35-54,Male
2025-06-30,Good Humor Classic Bar,South,54,2.89,156.06,107.15,48.91,0.3134,35-54,Female
2025-06-30,Good Humor Classic Bar,South,47,2.89,135.83,93.26,42.57,0.3134,35-54,Non-binary
2025-06-30,Good Humor Classic Bar,South,45,2.89,130.05,89.29,40.76,0.3134,35-54,Prefer not to say
2025-06-30,Good Humor Classic Bar,South,35,2.89,101.15,69.45,31.7,0.3134,55+,Male
2025-06-30,Good Humor Classic Bar,South,99,2.89,286.11,196.43,89.68,0.3134,55+,Female
2025-06-30,Good Humor Classic Bar,South,86,2.89,248.54,170.64,77.9,0.3134,55+,Non-binary
2025-06-30,Good Humor Classic Bar,South,83,2.89,239.87,164.69,75.18,0.3134,55+,Prefer not to say
2025-06-30,Good Humor Classic Bar,West,7,1.92,13.44,9.2,4.24,0.3154,<18,Male
2025-06-30,Good Humor Classic Bar,West,21,1.92,40.32,27.6,12.72,0.3154,<18,Female
2025-06-30,Good Humor Classic Bar,West,46,1.92,88.32,60.46,27.86,0.3154,<18,Non-binary
2025-06-30,Good Humor Classic Bar,West,3,1.92,5.76,3.94,1.82,0.3154,<18,Prefer not to say
2025-06-30,Good Humor Classic Bar,West,74,1.92,142.08,97.27,44.81,0.3154,18-34,Male
2025-06-30,Good Humor Classic Bar,West,206,1.92,395.52,270.77,124.75,0.3154,18-34,Female
2025-06-30,Good Humor Classic Bar,West,455,1.92,873.6,598.06,275.54,0.3154,18-34,Non-binary
2025-06-30,Good Humor Classic Bar,West,32,1.92,61.44,42.06,19.38,0.3154,18-34,Prefer not to say
2025-06-30,Good Humor Classic Bar,West,24,1.92,46.08,31.55,14.53,0.3154,35-54,Male
2025-06-30,Good Humor Classic Bar,West,68,1.92,130.56,89.38,41.18,0.3154,35-54,Female
2025-06-30,Good Humor Classic Bar,West,151,1.92,289.92,198.48,91.44,0.3154,35-54,Non-binary
2025-06-30,Good Humor Classic Bar,West,11,1.92,21.12,14.46,6.66,0.3154,35-54,Prefer not to say
2025-06-30,Good Humor Classic Bar,West,26,1.92,49.92,34.17,15.75,0.3154,55+,Male
2025-06-30,Good Humor Classic Bar,West,72,1.92,138.24,94.64,43.6,0.3154,55+,Female
2025-06-30,Good Humor Classic Bar,West,159,1.92,305.28,208.99,96.29,0.3154,55+,Non-binary
2025-06-30,Good Humor Classic Bar,West,11,1.92,21.12,14.46,6.66,0.3154,55+,Prefer not to say
2025-06-30,Good Humor Strawberry Shortcake Bar,Northeast,31,2.38,73.78,54.55,19.23,0.2607,<18,Male
2025-06-30,Good Humor Strawberry Shortcake Bar,Northeast,80,2.38,190.4,140.77,49.63,0.2607,<18,Female
2025-06-30,Good Humor Strawberry Shortcake Bar,Northeast,197,2.38,468.86,346.65,122.21,0.2607,<18,Non-binary
2025-06-30,Good Humor Strawberry Shortcake Bar,Northeast,77,2.38,183.26,135.49,47.77,0.2607,<18,Prefer not to say
2025-06-30,Good Humor Strawberry Shortcake Bar,Northeast,2,2.38,4.76,3.52,1.24,0.2607,18-34,Male
2025-06-30,Good Humor Strawberry Shortcake Bar,Northeast,4,2.38,9.52,7.04,2.48,0.2607,18-34,Female
2025-06-30,Good Humor Strawberry Shortcake Bar,Northeast,10,2.38,23.8,17.6,6.2,0.2607,18-34,Non-binary
2025-06-30,Good Humor Strawberry Shortcake Bar,Northeast,4,2.38,9.52,7.04,2.48,0.2607,18-34,Prefer not to say
2025-06-30,Good Humor Strawberry Shortcake Bar,Northeast,18,2.38,42.84,31.67,11.17,0.2607,35-54,Male
2025-06-30,Good Humor Strawberry Shortcake Bar,Northeast,47,2.38,111.86,82.7,29.16,0.2607,35-54,Female
2025-06-30,Good Humor Strawberry Shortcake Bar,Northeast,116,2.38,276.08,204.12,71.96,0.2607,35-54,Non-binary
2025-06-30,Good Humor Strawberry Shortcake Bar,Northeast,45,2.38,107.1,79.18,27.92,0.2607,35-54,Prefer not to say
2025-06-30,Good Humor Strawberry Shortcake Bar,Northeast,9,2.38,21.42,15.84,5.58,0.2607,55+,Male
2025-06-30,Good Humor Strawberry Shortcake Bar,Northeast,24,2.38,57.12,42.23,14.89,0.2607,55+,Female
2025-06-30,Good Humor Strawberry Shortcake Bar,Northeast,59,2.38,140.42,103.82,36.6,0.2607,55+,Non-binary
2025-06-30,Good Humor Strawberry Shortcake Bar,Northeast,23,2.38,54.74,40.47,14.27,0.2607,55+,Prefer not to say
2025-06-30,Good Humor Strawberry Shortcake Bar,Midwest,26,1.63,42.38,26.78,15.6,0.3681,<18,Male
2025-06-30,Good Humor Strawberry Shortcake Bar,Midwest,9,1.63,14.67,9.27,5.4,0.3681,<18,Female
2025-06-30,Good Humor Strawberry Shortcake Bar,Midwest,313,1.63,510.19,322.4,187.79,0.3681,<18,Non-binary
2025-06-30,Good Humor Strawberry Shortcake Bar,Midwest,258,1.63,420.54,265.75,154.79,0.3681,<18,Prefer not to say
2025-06-30,Good Humor Strawberry Shortcake Bar,Midwest,5,1.63,8.15,5.15,3.0,0.3681,18-34,Male
2025-06-30,Good Humor Strawberry Shortcake Bar,Midwest,2,1.63,3.26,2.06,1.2,0.3681,18-34,Female
2025-06-30,Good Humor Strawberry Shortcake Bar,Midwest,63,1.63,102.69,64.89,37.8,0.3681,18-34,Non-binary
2025-06-30,Good Humor Strawberry Shortcake Bar,Midwest,52,1.63,84.76,53.56,31.2,0.3681,18-34,Prefer not to say
2025-06-30,Good Humor Strawberry Shortcake Bar,Midwest,17,1.63,27.71,17.51,10.2,0.3681,35-54,Male
2025-06-30,Good Humor Strawberry Shortcake Bar,Midwest,6,1.63,9.78,6.18,3.6,0.3681,35-54,Female
2025-06-30,Good Humor Strawberry Shortcake Bar,Midwest,202,1.63,329.26,208.07,121.19,0.3681,35-54,Non-binary
2025-06-30,Good Humor Strawberry Shortcake Bar,Midwest,167,1.63,272.21,172.02,100.19,0.3681,35-54,Prefer not to say
2025-06-30,Good Humor Strawberry Shortcake Bar,Midwest,12,1.63,19.56,12.36,7.2,0.3681,55+,Male
2025-06-30,Good Humor Strawberry Shortcake Bar,Midwest,4,1.63,6.52,4.12,2.4,0.3681,55+,Female
2025-06-30,Good Humor Strawberry Shortcake Bar,Midwest,147,1.63,239.61,151.42,88.19,0.3681,55+,Non-binary
2025-06-30,Good Humor Strawberry Shortcake Bar,Midwest,121,1.63,197.23,124.63,72.6,0.3681,55+,Prefer not to say
2025-06-30,Good Humor Strawberry Shortcake Bar,South,25,1.73,43.25,26.28,16.97,0.3923,<18,Male
2025-06-30,Good Humor Strawberry Shortcake Bar,South,36,1.73,62.28,37.84,24.44,0.3923,<18,Female
2025-06-30,Good Humor Strawberry Shortcake Bar,South,5,1.73,8.65,5.26,3.39,0.3923,<18,Non-binary
2025-06-30,Good Humor Strawberry Shortcake Bar,South,11,1.73,19.03,11.56,7.47,0.3923,<18,Prefer not to say
2025-06-30,Good Humor Strawberry Shortcake Bar,South,67,1.73,115.91,70.43,45.48,0.3923,18-34,Male
2025-06-30,Good Humor Strawberry Shortcake Bar,South,96,1.73,166.08,100.92,65.16,0.3923,18-34,Female
2025-06-30,Good Humor Strawberry Shortcake Bar,South,12,1.73,20.76,12.61,8.15,0.3923,18-34,Non-binary
2025-06-30,Good Humor Strawberry Shortcake Bar,South,31,1.73,53.63,32.59,21.04,0.3923,18-34,Prefer not to say
2025-06-30,Good Humor Strawberry Shortcake Bar,South,64,1.73,110.72,67.28,43.44,0.3923,35-54,Male
2025-06-30,Good Humor Strawberry Shortcake Bar,South,92,1.73,159.16,96.71,62.45,0.3923,35-54,Female
2025-06-30,Good Humor Strawberry Shortcake Bar,South,12,1.73,20.76,12.61,8.15,0.3923,35-54,Non-binary
2025-06-30,Good Humor Strawberry Shortcake Bar,South,29,1.73,50.17,30.49,19.68,0.3923,35-54,Prefer not to say
2025-06-30,Good Humor Strawberry Shortcake Bar,South,423,1.73,731.79,444.67,287.12,0.3923,55+,Male
2025-06-30,Good Humor Strawberry Shortcake Bar,South,611,1.73,1057.03,642.31,414.72,0.3923,55+,Female
2025-06-30,Good Humor Strawberry Shortcake Bar,South,78,1.73,134.94,82.0,52.94,0.3923,55+,Non-binary
2025-06-30,Good Humor Strawberry Shortcake Bar,South,194,1.73,335.62,203.94,131.68,0.3923,55+,Prefer not to say
2025-06-30,Good Humor Strawberry Shortcake Bar,West,56,1.55,86.8,58.79,28.01,0.3227,<18,Male
2025-06-30,Good Humor Strawberry Shortcake Bar,West,54,1.55,83.7,56.69,27.01,0.3227,<18,Female
2025-06-30,Good Humor Strawberry Shortcake Bar,West,194,1.55,300.7,203.67,97.03,0.3227,<18,Non-binary
2025-06-30,Good Humor Strawberry Shortcake Bar,West,34,1.55,52.7,35.69,17.01,0.3227,<18,Prefer not to say
2025-06-30,Good Humor Strawberry Shortcake Bar,West,63,1.55,97.65,66.14,31.51,0.3227,18-34,Male
2025-06-30,Good Humor Strawberry Shortcake Bar,West,61,1.55,94.55,64.04,30.51,0.3227,18-34,Female
2025-06-30,Good Humor Strawberry Shortcake Bar,West,219,1.55,339.45,229.91,109.54,0.3227,18-34,Non-binary
2025-06-30,Good Humor Strawberry Shortcake Bar,West,38,1.55,58.9,39.89,19.01,0.3227,18-34,Prefer not to say
2025-06-30,Good Humor Strawberry Shortcake Bar,West,88,1.55,136.4,92.39,44.01,0.3227,35-54,Male
2025-06-30,Good Humor Strawberry Shortcake Bar,West,85,1.55,131.75,89.24,42.51,0.3227,35-54,Female
2025-06-30,Good Humor Strawberry Shortcake Bar,West,304,1.55,471.2,319.15,152.05,0.3227,35-54,Non-binary
2025-06-30,Good Humor Strawberry Shortcake Bar,West,53,1.55,82.15,55.64,26.51,0.3227,35-54,Prefer not to say
2025-06-30,Good Humor Strawberry Shortcake Bar,West,11,1.55,17.05,11.55,5.5,0.3227,55+,Male
2025-06-30,Good Humor Strawberry Shortcake Bar,West,11,1.55,17.05,11.55,5.5,0.3227,55+,Female
2025-06-30,Good Humor Strawberry Shortcake Bar,West,38,1.55,58.9,39.89,19.01,0.3227,55+,Non-binary
2025-06-30,Good Humor Strawberry Shortcake Bar,West,7,1.55,10.85,7.35,3.5,0.3227,55+,Prefer not to say
2025-06-30,Good Humor Chocolate Eclair Bar,Northeast,35,1.58,55.3,40.23,15.07,0.2724,<18,Male
2025-06-30,Good Humor Chocolate Eclair Bar,Northeast,160,1.58,252.8,183.93,68.87,0.2724,<18,Female
2025-06-30,Good Humor Chocolate Eclair Bar,Northeast,38,1.58,60.04,43.68,16.36,0.2724,<18,Non-binary
2025-06-30,Good Humor Chocolate Eclair Bar,Northeast,646,1.58,1020.68,742.6,278.08,0.2724,<18,Prefer not to say
2025-06-30,Good Humor Chocolate Eclair Bar,Northeast,22,1.58,34.76,25.29,9.47,0.2724,18-34,Male
2025-06-30,Good Humor Chocolate Eclair Bar,Northeast,102,1.58,161.16,117.25,43.91,0.2724,18-34,Female
2025-06-30,Good Humor Chocolate Eclair Bar,Northeast,24,1.58,37.92,27.59,10.33,0.2724,18-34,Non-binary
2025-06-30,Good Humor Chocolate Eclair Bar,Northeast,412,1.58,650.96,473.61,177.35,0.2724,18-34,Prefer not to say
2025-06-30,Good Humor Chocolate Eclair Bar,Northeast,5,1.58,7.9,5.75,2.15,0.2724,35-54,Male
2025-06-30,Good Humor Chocolate Eclair Bar,Northeast,25,1.58,39.5,28.74,10.76,0.2724,35-54,Female
2025-06-30,Good Humor Chocolate Eclair Bar,Northeast,6,1.58,9.48,6.9,2.58,0.2724,35-54,Non-binary
2025-06-30,Good Humor Chocolate Eclair Bar,Northeast,101,1.58,159.58,116.1,43.48,0.2724,35-54,Prefer not to say
2025-06-30,Good Humor Chocolate Eclair Bar,Northeast,1,1.58,1.58,1.15,0.43,0.2724,55+,Male
2025-06-30,Good Humor Chocolate Eclair Bar,Northeast,5,1.58,7.9,5.75,2.15,0.2724,55+,Female
2025-06-30,Good Humor Chocolate Eclair Bar,Northeast,1,1.58,1.58,1.15,0.43,0.2724,55+,Non-binary
2025-06-30,Good Humor Chocolate Eclair Bar,Northeast,19,1.58,30.02,21.84,8.18,0.2724,55+,Prefer not to say
2025-06-30,Good Humor Chocolate Eclair Bar,Midwest,15,2.43,36.45,26.82,9.63,0.2642,<18,Male
2025-06-30,Good Humor Chocolate Eclair Bar,Midwest,96,2.43,233.28,171.66,61.62,0.2642,<18,Female
2025-06-30,Good Humor Chocolate Eclair Bar,Midwest,42,2.43,102.06,75.1,26.96,0.2642,<18,Non-binary
2025-06-30,Good Humor Chocolate Eclair Bar,Midwest,17,2.43,41.31,30.4,10.91,0.2642,<18,Prefer not to say
2025-06-30,Good Humor Chocolate Eclair Bar,Midwest,53,2.43,128.79,94.77,34.02,0.2642,18-34,Male
2025-06-30,Good Humor Chocolate Eclair Bar,Midwest,340,2.43,826.2,607.95,218.25,0.2642,18-34,Female
2025-06-30,Good Humor Chocolate Eclair Bar,Midwest,148,2.43,359.64,264.64,95.0,0.2642,18-34,Non-binary
2025-06-30,Good Humor Chocolate Eclair Bar,Midwest,61,2.43,148.23,109.07,39.16,0.2642,18-34,Prefer not to say
2025-06-30,Good Humor Chocolate Eclair Bar,Midwest,17,2.43,41.31,30.4,10.91,0.2642,35-54,Male
2025-06-30,Good Humor Chocolate Eclair Bar,Midwest,107,2.43,260.01,191.33,68.68,0.2642,35-54,Female
2025-06-30,Good Humor Chocolate Eclair Bar,Midwest,46,2.43,111.78,82.25,29.53,0.2642,35-54,Non-binary
2025-06-30,Good Humor Chocolate Eclair Bar,Midwest,19,2.43,46.17,33.97,12.2,0.2642,35-54,Prefer not to say
2025-06-30,Good Humor Chocolate Eclair Bar,Midwest,58,2.43,140.94,103.71,37.23,0.2642,55+,Male
2025-06-30,Good Humor Chocolate Eclair Bar,Midwest,371,2.43,901.53,663.38,238.15,0.2642,55+,Female
2025-06-30,Good Humor Chocolate Eclair Bar,Midwest,161,2.43,391.23,287.88,103.35,0.2642,55+,Non-binary
2025-06-30,Good Humor Chocolate Eclair Bar,Midwest,67,2.43,162.81,119.8,43.01,0.2642,55+,Prefer not to say
2025-06-30,Good Humor Chocolate Eclair Bar,South,51,1.58,80.58,56.46,24.12,0.2993,<18,Male
2025-06-30,Good Humor Chocolate Eclair Bar,South,198,1.58,312.84,219.21,93.63,0.2993,<18,Female
2025-06-30,Good Humor Chocolate Eclair Bar,South,155,1.58,244.9,171.61,73.29,0.2993,<18,Non-binary
2025-06-30,Good Humor Chocolate Eclair Bar,South,197,1.58,311.26,218.1,93.16,0.2993,<18,Prefer not to say
2025-06-30,Good Humor Chocolate Eclair Bar,South,12,1.58,18.96,13.29,5.67,0.2993,18-34,Male
2025-06-30,Good Humor Chocolate Eclair Bar,South,45,1.58,71.1,49.82,21.28,0.2993,18-34,Female
2025-06-30,Good Humor Chocolate Eclair Bar,South,36,1.58,56.88,39.86,17.02,0.2993,18-34,Non-binary
2025-06-30,Good Humor Chocolate Eclair Bar,South,45,1.58,71.1,49.82,21.28,0.2993,18-34,Prefer not to say
2025-06-30,Good Humor Chocolate Eclair Bar,South,6,1.58,9.48,6.64,2.84,0.2993,35-54,Male
2025-06-30,Good Humor Chocolate Eclair Bar,South,23,1.58,36.34,25.46,10.88,0.2993,35-54,Female
2025-06-30,Good Humor Chocolate Eclair Bar,South,18,1.58,28.44,19.93,8.51,0.2993,35-54,Non-binary
2025-06-30,Good Humor Chocolate Eclair Bar,South,23,1.58,36.34,25.46,10.88,0.2993,35-54,Prefer not to say
2025-06-30,Good Humor Chocolate Eclair Bar,South,45,1.58,71.1,49.82,21.28,0.2993,55+,Male
2025-06-30,Good Humor Chocolate Eclair Bar,South,174,1.58,274.92,192.64,82.28,0.2993,55+,Female
2025-06-30,Good Humor Chocolate Eclair Bar,South,136,1.58,214.88,150.57,64.31,0.2993,55+,Non-binary
2025-06-30,Good Humor Chocolate Eclair Bar,South,173,1.58,273.34,191.53,81.81,0.2993,55+,Prefer not to say
2025-06-30,Good Humor Chocolate Eclair Bar,West,148,2.01,297.48,224.61,72.87,0.245,<18,Male
2025-06-30,Good Humor Chocolate Eclair Bar,West,82,2.01,164.82,124.44,40.38,0.245,<18,Female
2025-06-30,Good Humor Chocolate Eclair Bar,West,224,2.01,450.24,339.94,110.3,0.245,<18,Non-binary
2025-06-30,Good Humor Chocolate Eclair Bar,West,8,2.01,16.08,12.14,3.94,0.245,<18,Prefer not to say
2025-06-30,Good Humor Chocolate Eclair Bar,West,199,2.01,399.99,302.0,97.99,0.245,18-34,Male
2025-06-30,Good Humor Chocolate Eclair Bar,West,111,2.01,223.11,168.45,54.66,0.245,18-34,Female
2025-06-30,Good Humor Chocolate Eclair Bar,West,302,2.01,607.02,458.32,148.7,0.245,18-34,Non-binary
2025-06-30,Good Humor Chocolate Eclair Bar,West,11,2.01,22.11,16.69,5.42,0.245,18-34,Prefer not to say
2025-06-30,Good Humor Chocolate Eclair Bar,West,12,2.01,24.12,18.21,5.91,0.245,35-54,Male
2025-06-30,Good Humor Chocolate Eclair Bar,West,7,2.01,14.07,10.62,3.45,0.245,35-54,Female
2025-06-30,Good Humor Chocolate Eclair Bar,West,18,2.01,36.18,27.32,8.86,0.245,35-54,Non-binary
2025-06-30,Good Humor Chocolate Eclair Bar,West,1,2.01,2.01,1.52,0.49,0.245,35-54,Prefer not to say
2025-06-30,Good Humor Chocolate Eclair Bar,West,35,2.01,70.35,53.12,17.23,0.245,55+,Male
2025-06-30,Good Humor Chocolate Eclair Bar,West,19,2.01,38.19,28.83,9.36,0.245,55+,Female
2025-06-30,Good Humor Chocolate Eclair Bar,West,52,2.01,104.52,78.92,25.6,0.245,55+,Non-binary
2025-06-30,Good Humor Chocolate Eclair Bar,West,2,2.01,4.02,3.04,0.98,0.245,55+,Prefer not to say
2025-07-31,Good Humor Classic Bar,Northeast,28,2.52,70.56,46.73,23.83,0.3377,<18,Male
2025-07-31,Good Humor Classic Bar,Northeast,25,2.52,63.0,41.72,21.28,0.3377,<18,Female
2025-07-31,Good Humor Classic Bar,Northeast,9,2.52,22.68,15.02,7.66,0.3377,<18,Non-binary
2025-07-31,Good Humor Classic Bar,Northeast,19,2.52,47.88,31.71,16.17,0.3377,18-34,Male
2025-07-31,Good Humor Classic Bar,Northeast,17,2.52,42.84,28.37,14.47,0.3377,18-34,Female
2025-07-31,Good Humor Classic Bar,Northeast,6,2.52,15.12,10.01,5.11,0.3377,18-34,Non-binary
2025-07-31,Good Humor Classic Bar,Northeast,37,2.52,93.24,61.75,31.49,0.3377,35-54,Male
2025-07-31,Good Humor Classic Bar,Northeast,33,2.52,83.16,55.08,28.08,0.3377,35-54,Female
2025-07-31,Good Humor Classic Bar,Northeast,12,2.52,30.24,20.03,10.21,0.3377,35-54,Non-binary
2025-07-31,Good Humor Classic Bar,Northeast,211,2.52,531.72,352.16,179.56,0.3377,55+,Male
2025-07-31,Good Humor Classic Bar,Northeast,187,2.52,471.24,312.1,159.14,0.3377,55+,Female
2025-07-31,Good Humor Classic Bar,Northeast,69,2.52,173.88,115.16,58.72,0.3377,55+,Non-binary
2025-07-31,Good Humor Classic Bar,Midwest,18,1.96,35.28,21.3,13.98,0.3963,<18,Male
2025-07-31,Good Humor Classic Bar,Midwest,5,1.96,9.8,5.92,3.88,0.3963,<18,Female
2025-07-31,Good Humor Classic Bar,Midwest,5,1.96,9.8,5.92,3.88,0.3963,<18,Non-binary
2025-07-31,Good Humor Classic Bar,Midwest,3,1.96,5.88,3.55,2.33,0.3963,<18,Prefer not to say
2025-07-31,Good Humor Classic Bar,Midwest,42,1.96,82.32,49.7,32.62,0.3963,18-34,Male
2025-07-31,Good Humor Classic Bar,Midwest,12,1.96,23.52,14.2,9.32,0.3963,18-34,Female
2025-07-31,Good Humor Classic Bar,Midwest,11,1.96,21.56,13.02,8.54,0.3963,18-34,Non-binary
2025-07-31,Good Humor Classic Bar,Midwest,7,1.96,13.72,8.28,5.44,0.3963,18-34,Prefer not to say
2025-07-31,Good Humor Classic Bar,Midwest,399,1.96,782.04,472.14,309.9,0.3963,35-54,Male
2025-07-31,Good Humor Classic Bar,Midwest,114,1.96,223.44,134.9,88.54,0.3963,35-54,Female
2025-07-31,Good Humor Classic Bar,Midwest,101,1.96,197.96,119.51,78.45,0.3963,35-54,Non-binary
2025-07-31,Good Humor Classic Bar,Midwest,62,1.96,121.52,73.37,48.15,0.3963,35-54,Prefer not to say
2025-07-31,Good Humor Classic Bar,Midwest,722,1.96,1415.12,854.35,560.77,0.3963,55+,Male
2025-07-31,Good Humor Classic Bar,Midwest,207,1.96,405.72,244.95,160.77,0.3963,55+,Female
2025-07-31,Good Humor Classic Bar,Midwest,183,1.96,358.68,216.55,142.13,0.3963,55+,Non-binary
2025-07-31,Good Humor Classic Bar,Midwest,112,1.96,219.52,132.53,86.99,0.3963,55+,Prefer not to say
2025-07-31,Good Humor Classic Bar,South,15,2.36,35.4,22.79,12.61,0.3561,<18,Male
2025-07-31,Good Humor Classic Bar,South,8,2.36,18.88,12.16,6.72,0.3561,<18,Female
2025-07-31,Good Humor Classic Bar,South,5,2.36,11.8,7.6,4.2,0.3561,<18,Non-binary
2025-07-31,Good Humor Classic Bar,South,3,2.36,7.08,4.56,2.52,0.3561,<18,Prefer not to say
2025-07-31,Good Humor Classic Bar,South,115,2.36,271.4,174.75,96.65,0.3561,18-34,Male
2025-07-31,Good Humor Classic Bar,South,65,2.36,153.4,98.77,54.63,0.3561,18-34,Female
2025-07-31,Good Humor Classic Bar,South,42,2.36,99.12,63.82,35.3,0.3561,18-34,Non-binary
2025-07-31,Good Humor Classic Bar,South,24,2.36,56.64,36.47,20.17,0.3561,18-34,Prefer not to say
2025-07-31,Good Humor Classic Bar,South,260,2.36,613.6,395.08,218.52,0.3561,35-54,Male
2025-07-31,Good Humor Classic Bar,South,147,2.36,346.92,223.37,123.55,0.3561,35-54,Female
2025-07-31,Good Humor Classic Bar,South,94,2.36,221.84,142.84,79.0,0.3561,35-54,Non-binary
2025-07-31,Good Humor Classic Bar,South,55,2.36,129.8,83.57,46.23,0.3561,35-54,Prefer not to say
2025-07-31,Good Humor Classic Bar,South,559,2.36,1319.24,849.42,469.82,0.3561,55+,Male
2025-07-31,Good Humor Classic Bar,South,316,2.36,745.76,480.18,265.58,0.3561,55+,Female
2025-07-31,Good Humor Classic Bar,South,202,2.36,476.72,306.95,169.77,0.3561,55+,Non-binary
2025-07-31,Good Humor Classic Bar,South,119,2.36,280.84,180.83,100.01,0.3561,55+,Prefer not to say
2025-07-31,Good Humor Classic Bar,West,35,2.4,84.0,61.88,22.12,0.2633,<18,Male
2025-07-31,Good Humor Classic Bar,West,12,2.4,28.8,21.22,7.58,0.2633,<18,Female
2025-07-31,Good Humor Classic Bar,West,18,2.4,43.2,31.83,11.37,0.2633,<18,Non-binary
2025-07-31,Good Humor Classic Bar,West,56,2.4,134.4,99.01,35.39,0.2633,<18,Prefer not to say
2025-07-31,Good Humor Classic Bar,West,60,2.4,144.0,106.08,37.92,0.2633,18-34,Male
2025-07-31,Good Humor Classic Bar,West,20,2.4,48.0,35.36,12.64,0.2633,18-34,Female
2025-07-31,Good Humor Classic Bar,West,31,2.4,74.4,54.81,19.59,0.2633,18-34,Non-binary
2025-07-31,Good Humor Classic Bar,West,97,2.4,232.8,171.5,61.3,0.2633,18-34,Prefer not to say
2025-07-31,Good Humor Classic Bar,West,238,2.4,571.2,420.8,150.4,0.2633,35-54,Male
2025-07-31,Good Humor Classic Bar,West,80,2.4,192.0,141.44,50.56,0.2633,35-54,Female
2025-07-31,Good Humor Classic Bar,West,124,2.4,297.6,219.24,78.36,0.2633,35-54,Non-binary
2025-07-31,Good Humor Classic Bar,West,386,2.4,926.4,682.47,243.93,0.2633,35-54,Prefer not to say
2025-07-31,Good Humor Classic Bar,West,288,2.4,691.2,509.2,182.0,0.2633,55+,Male
2025-07-31,Good Humor Classic Bar,West,97,2.4,232.8,171.5,61.3,0.2633,55+,Female
2025-07-31,Good Humor Classic Bar,West,150,2.4,360.0,265.21,94.79,0.2633,55+,Non-binary
2025-07-31,Good Humor Classic Bar,West,468,2.4,1123.2,827.45,295.75,0.2633,55+,Prefer not to say
2025-07-31,Good Humor Strawberry Shortcake Bar,Northeast,27,1.9,51.3,34.42,16.88,0.329,<18,Male
2025-07-31,Good Humor Strawberry Shortcake Bar,Northeast,247,1.9,469.3,314.92,154.38,0.329,<18,Female
2025-07-31,Good Humor Strawberry Shortcake Bar,Northeast,21,1.9,39.9,26.77,13.13,0.329,<18,Non-binary
2025-07-31,Good Humor Strawberry Shortcake Bar,Northeast,6,1.9,11.4,7.65,3.75,0.329,<18,Prefer not to say
2025-07-31,Good Humor Strawberry Shortcake Bar,Northeast,41,1.9,77.9,52.27,25.63,0.329,18-34,Male
2025-07-31,Good Humor Strawberry Shortcake Bar,Northeast,381,1.9,723.9,485.76,238.14,0.329,18-34,Female
2025-07-31,Good Humor Strawberry Shortcake Bar,Northeast,32,1.9,60.8,40.8,20.0,0.329,18-34,Non-binary
2025-07-31,Good Humor Strawberry Shortcake Bar,Northeast,9,1.9,17.1,11.47,5.63,0.329,18-34,Prefer not to say
2025-07-31,Good Humor Strawberry Shortcake Bar,Northeast,29,1.9,55.1,36.97,18.13,0.329,35-54,Male
2025-07-31,Good Humor Strawberry Shortcake Bar,Northeast,265,1.9,503.5,337.87,165.63,0.329,35-54,Female
2025-07-31,Good Humor Strawberry Shortcake Bar,Northeast,23,1.9,43.7,29.32,14.38,0.329,35-54,Non-binary
2025-07-31,Good Humor Strawberry Shortcake Bar,Northeast,7,1.9,13.3,8.92,4.38,0.329,35-54,Prefer not to say
2025-07-31,Good Humor Strawberry Shortcake Bar,Northeast,8,1.9,15.2,10.2,5.0,0.329,55+,Male
2025-07-31,Good Humor Strawberry Shortcake Bar,Northeast,73,1.9,138.7,93.07,45.63,0.329,55+,Female
2025-07-31,Good Humor Strawberry Shortcake Bar,Northeast,6,1.9,11.4,7.65,3.75,0.329,55+,Non-binary
2025-07-31,Good Humor Strawberry Shortcake Bar,Northeast,2,1.9,3.8,2.55,1.25,0.329,55+,Prefer not to say
2025-07-31,Good Humor Strawberry Shortcake Bar,Midwest,26,1.67,43.42,31.32,12.1,0.2786,<18,Male
2025-07-31,Good Humor Strawberry Shortcake Bar,Midwest,4,1.67,6.68,4.82,1.86,0.2786,<18,Female
2025-07-31,Good Humor Strawberry Shortcake Bar,Midwest,92,1.67,153.64,110.83,42.81,0.2786,<18,Non-binary
2025-07-31,Good Humor Strawberry Shortcake Bar,Midwest,295,1.67,492.65,355.38,137.27,0.2786,<18,Prefer not to say
2025-07-31,Good Humor Strawberry Shortcake Bar,Midwest,4,1.67,6.68,4.82,1.86,0.2786,18-34,Male
2025-07-31,Good Humor Strawberry Shortcake Bar,Midwest,1,1.67,1.67,1.2,0.47,0.2786,18-34,Female
2025-07-31,Good Humor Strawberry Shortcake Bar,Midwest,14,1.67,23.38,16.87,6.51,0.2786,18-34,Non-binary
2025-07-31,Good Humor Strawberry Shortcake Bar,Midwest,47,1.67,78.49,56.62,21.87,0.2786,18-34,Prefer not to say
2025-07-31,Good Humor Strawberry Shortcake Bar,Midwest,15,1.67,25.05,18.07,6.98,0.2786,35-54,Male
2025-07-31,Good Humor Strawberry Shortcake Bar,Midwest,2,1.67,3.34,2.41,0.93,0.2786,35-54,Female
2025-07-31,Good Humor Strawberry Shortcake Bar,Midwest,53,1.67,88.51,63.85,24.66,0.2786,35-54,Non-binary
2025-07-31,Good Humor Strawberry Shortcake Bar,Midwest,169,1.67,282.23,203.59,78.64,0.2786,35-54,Prefer not to say
2025-07-31,Good Humor Strawberry Shortcake Bar,Midwest,23,1.67,38.41,27.71,10.7,0.2786,55+,Male
2025-07-31,Good Humor Strawberry Shortcake Bar,Midwest,4,1.67,6.68,4.82,1.86,0.2786,55+,Female
2025-07-31,Good Humor Strawberry Shortcake Bar,Midwest,79,1.67,131.93,95.17,36.76,0.2786,55+,Non-binary
2025-07-31,Good Humor Strawberry Shortcake Bar,Midwest,255,1.67,425.85,307.2,118.65,0.2786,55+,Prefer not to say
2025-07-31,Good Humor Strawberry Shortcake Bar,South,95,2.41,228.95,166.31,62.64,0.2736,<18,Male
2025-07-31,Good Humor Strawberry Shortcake Bar,South,70,2.41,168.7,122.55,46.15,0.2736,<18,Female
2025-07-31,Good Humor Strawberry Shortcake Bar,South,35,2.41,84.35,61.27,23.08,0.2736,<18,Non-binary
2025-07-31,Good Humor Strawberry Shortcake Bar,South,151,2.41,363.91,264.35,99.56,0.2736,<18,Prefer not to say
2025-07-31,Good Humor Strawberry Shortcake Bar,South,33,2.41,79.53,57.77,21.76,0.2736,18-34,Male
2025-07-31,Good Humor Strawberry Shortcake Bar,South,25,2.41,60.25,43.77,16.48,0.2736,18-34,Female
2025-07-31,Good Humor Strawberry Shortcake Bar,South,12,2.41,28.92,21.01,7.91,0.2736,18-34,Non-binary
2025-07-31,Good Humor Strawberry Shortcake Bar,South,53,2.41,127.73,92.78,34.95,0.2736,18-34,Prefer not to say
2025-07-31,Good Humor Strawberry Shortcake Bar,South,193,2.41,465.13,337.88,127.25,0.2736,35-54,Male
2025-07-31,Good Humor Strawberry Shortcake Bar,South,142,2.41,342.22,248.59,93.63,0.2736,35-54,Female
2025-07-31,Good Humor Strawberry Shortcake Bar,South,71,2.41,171.11,124.3,46.81,0.2736,35-54,Non-binary
2025-07-31,Good Humor Strawberry Shortcake Bar,South,305,2.41,735.05,533.95,201.1,0.2736,35-54,Prefer not to say
2025-07-31,Good Humor Strawberry Shortcake Bar,South,61,2.41,147.01,106.79,40.22,0.2736,55+,Male
2025-07-31,Good Humor Strawberry Shortcake Bar,South,45,2.41,108.45,78.78,29.67,0.2736,55+,Female
2025-07-31,Good Humor Strawberry Shortcake Bar,South,22,2.41,53.02,38.51,14.51,0.2736,55+,Non-binary
2025-07-31,Good Humor Strawberry Shortcake Bar,South,96,2.41,231.36,168.06,63.3,0.2736,55+,Prefer not to say
2025-07-31,Good Humor Strawberry Shortcake Bar,West,18,1.87,33.66,22.14,11.52,0.3423,<18,Male
2025-07-31,Good Humor Strawberry Shortcake Bar,West,96,1.87,179.52,118.07,61.45,0.3423,<18,Female
2025-07-31,Good Humor Strawberry Shortcake Bar,West,138,1.87,258.06,169.72,88.34,0.3423,<18,Non-binary
2025-07-31,Good Humor Strawberry Shortcake Bar,West,2,1.87,3.74,2.46,1.28,0.3423,<18,Prefer not to say
2025-07-31,Good Humor Strawberry Shortcake Bar,West,37,1.87,69.19,45.51,23.68,0.3423,18-34,Male
2025-07-31,Good Humor Strawberry Shortcake Bar,West,197,1.87,368.39,242.29,126.1,0.3423,18-34,Female
2025-07-31,Good Humor Strawberry Shortcake Bar,West,285,1.87,532.95,350.52,182.43,0.3423,18-34,Non-binary
2025-07-31,Good Humor Strawberry Shortcake Bar,West,5,1.87,9.35,6.15,3.2,0.3423,18-34,Prefer not to say
2025-07-31,Good Humor Strawberry Shortcake Bar,West,5,1.87,9.35,6.15,3.2,0.3423,35-54,Male
2025-07-31,Good Humor Strawberry Shortcake Bar,West,29,1.87,54.23,35.67,18.56,0.3423,35-54,Female
2025-07-31,Good Humor Strawberry Shortcake Bar,West,42,1.87,78.54,51.66,26.88,0.3423,35-54,Non-binary
2025-07-31,Good Humor Strawberry Shortcake Bar,West,1,1.87,1.87,1.23,0.64,0.3423,35-54,Prefer not to say
2025-07-31,Good Humor Strawberry Shortcake Bar,West,11,1.87,20.57,13.53,7.04,0.3423,55+,Male
2025-07-31,Good Humor Strawberry Shortcake Bar,West,60,1.87,112.2,73.79,38.41,0.3423,55+,Female
2025-07-31,Good Humor Strawberry Shortcake Bar,West,87,1.87,162.69,107.0,55.69,0.3423,55+,Non-binary
2025-07-31,Good Humor Strawberry Shortcake Bar,West,2,1.87,3.74,2.46,1.28,0.3423,55+,Prefer not to say
2025-07-31,Good Humor Chocolate Eclair Bar,Northeast,51,2.62,133.62,99.93,33.69,0.2522,<18,Male
2025-07-31,Good Humor Chocolate Eclair Bar,Northeast,5,2.62,13.1,9.8,3.3,0.2522,<18,Female
2025-07-31,Good Humor Chocolate Eclair Bar,Northeast,6,2.62,15.72,11.76,3.96,0.2522,<18,Non-binary
2025-07-31,Good Humor Chocolate Eclair Bar,Northeast,30,2.62,78.6,58.78,19.82,0.2522,<18,Prefer not to say
2025-07-31,Good Humor Chocolate Eclair Bar,Northeast,507,2.62,1328.34,993.39,334.95,0.2522,18-34,Male
2025-07-31,Good Humor Chocolate Eclair Bar,Northeast,50,2.62,131.0,97.97,33.03,0.2522,18-34,Female
2025-07-31,Good Humor Chocolate Eclair Bar,Northeast,58,2.62,151.96,113.64,38.32,0.2522,18-34,Non-binary
2025-07-31,Good Humor Chocolate Eclair Bar,Northeast,296,2.62,775.52,579.97,195.55,0.2522,18-34,Prefer not to say
2025-07-31,Good Humor Chocolate Eclair Bar,Northeast,155,2.62,406.1,303.7,102.4,0.2522,35-54,Male
2025-07-31,Good Humor Chocolate Eclair Bar,Northeast,15,2.62,39.3,29.39,9.91,0.2522,35-54,Female
2025-07-31,Good Humor Chocolate Eclair Bar,Northeast,18,2.62,47.16,35.27,11.89,0.2522,35-54,Non-binary
2025-07-31,Good Humor Chocolate Eclair Bar,Northeast,90,2.62,235.8,176.34,59.46,0.2522,35-54,Prefer not to say
2025-07-31,Good Humor Chocolate Eclair Bar,Northeast,448,2.62,1173.76,877.79,295.97,0.2522,55+,Male
2025-07-31,Good Humor Chocolate Eclair Bar,Northeast,44,2.62,115.28,86.21,29.07,0.2522,55+,Female
2025-07-31,Good Humor Chocolate Eclair Bar,Northeast,51,2.62,133.62,99.93,33.69,0.2522,55+,Non-binary
2025-07-31,Good Humor Chocolate Eclair Bar,Northeast,262,2.62,686.44,513.35,173.09,0.2522,55+,Prefer not to say
2025-07-31,Good Humor Chocolate Eclair Bar,Midwest,52,1.84,95.68,72.23,23.45,0.2451,<18,Male
2025-07-31,Good Humor Chocolate Eclair Bar,Midwest,363,1.84,667.92,504.24,163.68,0.2451,<18,Female
2025-07-31,Good Humor Chocolate Eclair Bar,Midwest,72,1.84,132.48,100.02,32.46,0.2451,<18,Non-binary
2025-07-31,Good Humor Chocolate Eclair Bar,Midwest,43,1.84,79.12,59.73,19.39,0.2451,<18,Prefer not to say
2025-07-31,Good Humor Chocolate Eclair Bar,Midwest,18,1.84,33.12,25.0,8.12,0.2451,18-34,Male
2025-07-31,Good Humor Chocolate Eclair Bar,Midwest,129,1.84,237.36,179.19,58.17,0.2451,18-34,Female
2025-07-31,Good Humor Chocolate Eclair Bar,Midwest,26,1.84,47.84,36.12,11.72,0.2451,18-34,Non-binary
2025-07-31,Good Humor Chocolate Eclair Bar,Midwest,15,1.84,27.6,20.84,6.76,0.2451,18-34,Prefer not to say
2025-07-31,Good Humor Chocolate Eclair Bar,Midwest,25,1.84,46.0,34.73,11.27,0.2451,35-54,Male
2025-07-31,Good Humor Chocolate Eclair Bar,Midwest,175,1.84,322.0,243.09,78.91,0.2451,35-54,Female
2025-07-31,Good Humor Chocolate Eclair Bar,Midwest,35,1.84,64.4,48.62,15.78,0.2451,35-54,Non-binary
2025-07-31,Good Humor Chocolate Eclair Bar,Midwest,21,1.84,38.64,29.17,9.47,0.2451,35-54,Prefer not to say
2025-07-31,Good Humor Chocolate Eclair Bar,Midwest,8,1.84,14.72,11.11,3.61,0.2451,55+,Male
2025-07-31,Good Humor Chocolate Eclair Bar,Midwest,53,1.84,97.52,73.62,23.9,0.2451,55+,Female
2025-07-31,Good Humor Chocolate Eclair Bar,Midwest,10,1.84,18.4,13.89,4.51,0.2451,55+,Non-binary
2025-07-31,Good Humor Chocolate Eclair Bar,Midwest,6,1.84,11.04,8.33,2.71,0.2451,55+,Prefer not to say
2025-07-31,Good Humor Chocolate Eclair Bar,South,59,2.13,125.67,89.84,35.83,0.2852,<18,Male
2025-07-31,Good Humor Chocolate Eclair Bar,South,287,2.13,611.31,436.99,174.32,0.2852,<18,Female
2025-07-31,Good Humor Chocolate Eclair Bar,South,433,2.13,922.29,659.3,262.99,0.2852,<18,Non-binary
2025-07-31,Good Humor Chocolate Eclair Bar,South,103,2.13,219.39,156.83,62.56,0.2852,<18,Prefer not to say
2025-07-31,Good Humor Chocolate Eclair Bar,South,39,2.13,83.07,59.38,23.69,0.2852,18-34,Male
2025-07-31,Good Humor Chocolate Eclair Bar,South,189,2.13,402.57,287.78,114.79,0.2852,18-34,Female
2025-07-31,Good Humor Chocolate Eclair Bar,South,285,2.13,607.05,433.95,173.1,0.2852,18-34,Non-binary
2025-07-31,Good Humor Chocolate Eclair Bar,South,68,2.13,144.84,103.54,41.3,0.2852,18-34,Prefer not to say
2025-07-31,Good Humor Chocolate Eclair Bar,South,15,2.13,31.95,22.84,9.11,0.2852,35-54,Male
2025-07-31,Good Humor Chocolate Eclair Bar,South,73,2.13,155.49,111.15,44.34,0.2852,35-54,Female
2025-07-31,Good Humor Chocolate Eclair Bar,South,109,2.13,232.17,165.97,66.2,0.2852,35-54,Non-binary
2025-07-31,Good Humor Chocolate Eclair Bar,South,26,2.13,55.38,39.59,15.79,0.2852,35-54,Prefer not to say
2025-07-31,Good Humor Chocolate Eclair Bar,South,54,2.13,115.02,82.22,32.8,0.2852,55+,Male
2025-07-31,Good Humor Chocolate Eclair Bar,South,266,2.13,566.58,405.02,161.56,0.2852,55+,Female
2025-07-31,Good Humor Chocolate Eclair Bar,South,401,2.13,854.13,610.57,243.56,0.2852,55+,Non-binary
2025-07-31,Good Humor Chocolate Eclair Bar,South,95,2.13,202.35,144.65,57.7,0.2852,55+,Prefer not to say
2025-07-31,Good Humor Chocolate Eclair Bar,West,366,2.92,1068.72,848.59,220.13,0.206,<18,Male
2025-07-31,Good Humor Chocolate Eclair Bar,West,217,2.92,633.64,503.13,130.51,0.206,<18,Female
2025-07-31,Good Humor Chocolate Eclair Bar,West,3,2.92,8.76,6.96,1.8,0.206,<18,Non-binary
2025-07-31,Good Humor Chocolate Eclair Bar,West,35,2.92,102.2,81.15,21.05,0.206,<18,Prefer not to say
2025-07-31,Good Humor Chocolate Eclair Bar,West,218,2.92,636.56,505.45,131.11,0.206,18-34,Male
2025-07-31,Good Humor Chocolate Eclair Bar,West,129,2.92,376.68,299.09,77.59,0.206,18-34,Female
2025-07-31,Good Humor Chocolate Eclair Bar,West,2,2.92,5.84,4.64,1.2,0.206,18-34,Non-binary
2025-07-31,Good Humor Chocolate Eclair Bar,West,21,2.92,61.32,48.69,12.63,0.206,18-34,Prefer not to say
2025-07-31,Good Humor Chocolate Eclair Bar,West,251,2.92,732.92,581.96,150.96,0.206,35-54,Male
2025-07-31,Good Humor Chocolate Eclair Bar,West,149,2.92,435.08,345.47,89.61,0.206,35-54,Female
2025-07-31,Good Humor Chocolate Eclair Bar,West,2,2.92,5.84,4.64,1.2,0.206,35-54,Non-binary
2025-07-31,Good Humor Chocolate Eclair Bar,West,24,2.92,70.08,55.65,14.43,0.206,35-54,Prefer not to say
2025-07-31,Good Humor Chocolate Eclair Bar,West,268,2.92,782.56,621.37,161.19,0.206,55+,Male
2025-07-31,Good Humor Chocolate Eclair Bar,West,159,2.92,464.28,368.65,95.63,0.206,55+,Female
2025-07-31,Good Humor Chocolate Eclair Bar,West,2,2.92,5.84,4.64,1.2,0.206,55+,Non-binary
2025-07-31,Good Humor Chocolate Eclair Bar,West,25,2.92,73.0,57.96,15.04,0.206,55+,Prefer not to say
2025-08-31,Good Humor Classic Bar,Northeast,1,2.61,2.61,2.07,0.54,0.2062,<18,Male
2025-08-31,Good Humor Classic Bar,Northeast,2,2.61,5.22,4.14,1.08,0.2062,<18,Female
2025-08-31,Good Humor Classic Bar,Northeast,33,2.61,86.13,68.37,17.76,0.2062,18-34,Male
2025-08-31,Good Humor Classic Bar,Northeast,84,2.61,219.24,174.04,45.2,0.2062,18-34,Female
2025-08-31,Good Humor Classic Bar,Northeast,12,2.61,31.32,24.86,6.46,0.2062,18-34,Non-binary
2025-08-31,Good Humor Classic Bar,Northeast,14,2.61,36.54,29.01,7.53,0.2062,18-34,Prefer not to say
2025-08-31,Good Humor Classic Bar,Northeast,16,2.61,41.76,33.15,8.61,0.2062,35-54,Male
2025-08-31,Good Humor Classic Bar,Northeast,42,2.61,109.62,87.02,22.6,0.2062,35-54,Female
2025-08-31,Good Humor Classic Bar,Northeast,6,2.61,15.66,12.43,3.23,0.2062,35-54,Non-binary
2025-08-31,Good Humor Classic Bar,Northeast,7,2.61,18.27,14.5,3.77,0.2062,35-54,Prefer not to say
2025-08-31,Good Humor Classic Bar,Northeast,193,2.61,503.73,399.88,103.85,0.2062,55+,Male
2025-08-31,Good Humor Classic Bar,Northeast,490,2.61,1278.9,1015.24,263.66,0.2062,55+,Female
2025-08-31,Good Humor Classic Bar,Northeast,72,2.61,187.92,149.18,38.74,0.2062,55+,Non-binary
2025-08-31,Good Humor Classic Bar,Northeast,83,2.61,216.63,171.97,44.66,0.2062,55+,Prefer not to say
2025-08-31,Good Humor Classic Bar,Midwest,8,2.04,16.32,11.5,4.82,0.2954,<18,Male
2025-08-31,Good Humor Classic Bar,Midwest,36,2.04,73.44,51.75,21.69,0.2954,<18,Female
2025-08-31,Good Humor Classic Bar,Midwest,28,2.04,57.12,40.25,16.87,0.2954,<18,Non-binary
2025-08-31,Good Humor Classic Bar,Midwest,11,2.04,22.44,15.81,6.63,0.2954,<18,Prefer not to say
2025-08-31,Good Humor Classic Bar,Midwest,40,2.04,81.6,57.5,24.1,0.2954,18-34,Male
2025-08-31,Good Humor Classic Bar,Midwest,188,2.04,383.52,270.23,113.29,0.2954,18-34,Female
2025-08-31,Good Humor Classic Bar,Midwest,142,2.04,289.68,204.11,85.57,0.2954,18-34,Non-binary
2025-08-31,Good Humor Classic Bar,Midwest,56,2.04,114.24,80.5,33.74,0.2954,18-34,Prefer not to say
2025-08-31,Good Humor Classic Bar,Midwest,2,2.04,4.08,2.87,1.21,0.2954,35-54,Male
2025-08-31,Good Humor Classic Bar,Midwest,11,2.04,22.44,15.81,6.63,0.2954,35-54,Female
2025-08-31,Good Humor Classic Bar,Midwest,9,2.04,18.36,12.94,5.42,0.2954,35-54,Non-binary
2025-08-31,Good Humor Classic Bar,Midwest,3,2.04,6.12,4.31,1.81,0.2954,35-54,Prefer not to say
2025-08-31,Good Humor Classic Bar,Midwest,13,2.04,26.52,18.69,7.83,0.2954,55+,Male
2025-08-31,Good Humor Classic Bar,Midwest,61,2.04,124.44,87.68,36.76,0.2954,55+,Female
2025-08-31,Good Humor Classic Bar,Midwest,46,2.04,93.84,66.12,27.72,0.2954,55+,Non-binary
2025-08-31,Good Humor Classic Bar,Midwest,18,2.04,36.72,25.87,10.85,0.2954,55+,Prefer not to say
2025-08-31,Good Humor Classic Bar,South,106,1.77,187.62,128.67,58.95,0.3142,<18,Male
2025-08-31,Good Humor Classic Bar,South,190,1.77,336.3,230.64,105.66,0.3142,<18,Female
2025-08-31,Good Humor Classic Bar,South,16,1.77,28.32,19.42,8.9,0.3142,<18,Non-binary
2025-08-31,Good Humor Classic Bar,South,64,1.77,113.28,77.69,35.59,0.3142,<18,Prefer not to say
2025-08-31,Good Humor Classic Bar,South,25,1.77,44.25,30.35,13.9,0.3142,18-34,Male
2025-08-31,Good Humor Classic Bar,South,45,1.77,79.65,54.63,25.02,0.3142,18-34,Female
2025-08-31,Good Humor Classic Bar,South,4,1.77,7.08,4.86,2.22,0.3142,18-34,Non-binary
2025-08-31,Good Humor Classic Bar,South,15,1.77,26.55,18.21,8.34,0.3142,18-34,Prefer not to say
2025-08-31,Good Humor Classic Bar,South,106,1.77,187.62,128.67,58.95,0.3142,35-54,Male
2025-08-31,Good Humor Classic Bar,South,189,1.77,334.53,229.43,105.1,0.3142,35-54,Female
2025-08-31,Good Humor Classic Bar,South,16,1.77,28.32,19.42,8.9,0.3142,35-54,Non-binary
2025-08-31,Good Humor Classic Bar,South,64,1.77,113.28,77.69,35.59,0.3142,35-54,Prefer not to say
2025-08-31,Good Humor Classic Bar,South,5,1.77,8.85,6.07,2.78,0.3142,55+,Male
2025-08-31,Good Humor Classic Bar,South,9,1.77,15.93,10.93,5.0,0.3142,55+,Female
2025-08-31,Good Humor Classic Bar,South,1,1.77,1.77,1.21,0.56,0.3142,55+,Non-binary
2025-08-31,Good Humor Classic Bar,South,3,1.77,5.31,3.64,1.67,0.3142,55+,Prefer not to say
2025-08-31,Good Humor Classic Bar,West,189,1.52,287.28,193.52,93.76,0.3264,<18,Male
2025-08-31,Good Humor Classic Bar,West,15,1.52,22.8,15.36,7.44,0.3264,<18,Female
2025-08-31,Good Humor Classic Bar,West,241,1.52,366.32,246.76,119.56,0.3264,<18,Non-binary
2025-08-31,Good Humor Classic Bar,West,51,1.52,77.52,52.22,25.3,0.3264,<18,Prefer not to say
2025-08-31,Good Humor Classic Bar,West,42,1.52,63.84,43.0,20.84,0.3264,18-34,Male
2025-08-31,Good Humor Classic Bar,West,3,1.52,4.56,3.07,1.49,0.3264,18-34,Female
2025-08-31,Good Humor Classic Bar,West,54,1.52,82.08,55.29,26.79,0.3264,18-34,Non-binary
2025-08-31,Good Humor Classic Bar,West,11,1.52,16.72,11.26,5.46,0.3264,18-34,Prefer not to say
2025-08-31,Good Humor Classic Bar,West,25,1.52,38.0,25.6,12.4,0.3264,35-54,Male
2025-08-31,Good Humor Classic Bar,West,2,1.52,3.04,2.05,0.99,0.3264,35-54,Female
2025-08-31,Good Humor Classic Bar,West,32,1.52,48.64,32.76,15.88,0.3264,35-54,Non-binary
2025-08-31,Good Humor Classic Bar,West,7,1.52,10.64,7.17,3.47,0.3264,35-54,Prefer not to say
2025-08-31,Good Humor Classic Bar,West,556,1.52,845.12,569.29,275.83,0.3264,55+,Male
2025-08-31,Good Humor Classic Bar,West,44,1.52,66.88,45.05,21.83,0.3264,55+,Female
2025-08-31,Good Humor Classic Bar,West,709,1.52,1077.68,725.94,351.74,0.3264,55+,Non-binary
2025-08-31,Good Humor Classic Bar,West,148,1.52,224.96,151.54,73.42,0.3264,55+,Prefer not to say
2025-08-31,Good Humor Strawberry Shortcake Bar,Northeast,201,1.94,389.94,287.28,102.66,0.2633,<18,Male
2025-08-31,Good Humor Strawberry Shortcake Bar,Northeast,420,1.94,814.8,600.29,214.51,0.2633,<18,Female
2025-08-31,Good Humor Strawberry Shortcake Bar,Northeast,47,1.94,91.18,67.17,24.01,0.2633,<18,Non-binary
2025-08-31,Good Humor Strawberry Shortcake Bar,Northeast,34,1.94,65.96,48.59,17.37,0.2633,<18,Prefer not to say
2025-08-31,Good Humor Strawberry Shortcake Bar,Northeast,454,1.94,880.76,648.88,231.88,0.2633,18-34,Male
2025-08-31,Good Humor Strawberry Shortcake Bar,Northeast,951,1.94,1844.94,1359.22,485.72,0.2633,18-34,Female
2025-08-31,Good Humor Strawberry Shortcake Bar,Northeast,106,1.94,205.64,151.5,54.14,0.2633,18-34,Non-binary
2025-08-31,Good Humor Strawberry Shortcake Bar,Northeast,77,1.94,149.38,110.05,39.33,0.2633,18-34,Prefer not to say
2025-08-31,Good Humor Strawberry Shortcake Bar,Northeast,68,1.94,131.92,97.19,34.73,0.2633,35-54,Male
2025-08-31,Good Humor Strawberry Shortcake Bar,Northeast,143,1.94,277.42,204.38,73.04,0.2633,35-54,Female
2025-08-31,Good Humor Strawberry Shortcake Bar,Northeast,16,1.94,31.04,22.87,8.17,0.2633,35-54,Non-binary
2025-08-31,Good Humor Strawberry Shortcake Bar,Northeast,12,1.94,23.28,17.15,6.13,0.2633,35-54,Prefer not to say
2025-08-31,Good Humor Strawberry Shortcake Bar,Northeast,14,1.94,27.16,20.01,7.15,0.2633,55+,Male
2025-08-31,Good Humor Strawberry Shortcake Bar,Northeast,29,1.94,56.26,41.45,14.81,0.2633,55+,Female
2025-08-31,Good Humor Strawberry Shortcake Bar,Northeast,3,1.94,5.82,4.29,1.53,0.2633,55+,Non-binary
2025-08-31,Good Humor Strawberry Shortcake Bar,Northeast,2,1.94,3.88,2.86,1.02,0.2633,55+,Prefer not to say
2025-08-31,Good Humor Strawberry Shortcake Bar,Midwest,18,2.78,50.04,31.16,18.88,0.3773,<18,Male
2025-08-31,Good Humor Strawberry Shortcake Bar,Midwest,28,2.78,77.84,48.47,29.37,0.3773,<18,Female
2025-08-31,Good Humor Strawberry Shortcake Bar,Midwest,10,2.78,27.8,17.31,10.49,0.3773,<18,Non-binary
2025-08-31,Good Humor Strawberry Shortcake Bar,Midwest,2,2.78,5.56,3.46,2.1,0.3773,<18,Prefer not to say
2025-08-31,Good Humor Strawberry Shortcake Bar,Midwest,138,2.78,383.64,238.91,144.73,0.3773,18-34,Male
2025-08-31,Good Humor Strawberry Shortcake Bar,Midwest,214,2.78,594.92,370.48,224.44,0.3773,18-34,Female
2025-08-31,Good Humor Strawberry Shortcake Bar,Midwest,80,2.78,222.4,138.5,83.9,0.3773,18-34,Non-binary
2025-08-31,Good Humor Strawberry Shortcake Bar,Midwest,14,2.78,38.92,24.24,14.68,0.3773,18-34,Prefer not to say
2025-08-31,Good Humor Strawberry Shortcake Bar,Midwest,109,2.78,303.02,188.7,114.32,0.3773,35-54,Male
2025-08-31,Good Humor Strawberry Shortcake Bar,Midwest,170,2.78,472.6,294.31,178.29,0.3773,35-54,Female
2025-08-31,Good Humor Strawberry Shortcake Bar,Midwest,63,2.78,175.14,109.07,66.07,0.3773,35-54,Non-binary
2025-08-31,Good Humor Strawberry Shortcake Bar,Midwest,11,2.78,30.58,19.04,11.54,0.3773,35-54,Prefer not to say
2025-08-31,Good Humor Strawberry Shortcake Bar,Midwest,81,2.78,225.18,140.23,84.95,0.3773,55+,Male
2025-08-31,Good Humor Strawberry Shortcake Bar,Midwest,126,2.78,350.28,218.13,132.15,0.3773,55+,Female
2025-08-31,Good Humor Strawberry Shortcake Bar,Midwest,47,2.78,130.66,81.37,49.29,0.3773,55+,Non-binary
2025-08-31,Good Humor Strawberry Shortcake Bar,Midwest,8,2.78,22.24,13.85,8.39,0.3773,55+,Prefer not to say
2025-08-31,Good Humor Strawberry Shortcake Bar,South,49,2.77,135.73,86.61,49.12,0.3619,<18,Male
2025-08-31,Good Humor Strawberry Shortcake Bar,South,105,2.77,290.85,185.59,105.26,0.3619,<18,Female
2025-08-31,Good Humor Strawberry Shortcake Bar,South,124,2.77,343.48,219.17,124.31,0.3619,<18,Non-binary
2025-08-31,Good Humor Strawberry Shortcake Bar,South,45,2.77,124.65,79.54,45.11,0.3619,<18,Prefer not to say
2025-08-31,Good Humor Strawberry Shortcake Bar,South,5,2.77,13.85,8.84,5.01,0.3619,18-34,Male
2025-08-31,Good Humor Strawberry Shortcake Bar,South,10,2.77,27.7,17.67,10.03,0.3619,18-34,Female
2025-08-31,Good Humor Strawberry Shortcake Bar,South,12,2.77,33.24,21.21,12.03,0.3619,18-34,Non-binary
2025-08-31,Good Humor Strawberry Shortcake Bar,South,4,2.77,11.08,7.07,4.01,0.3619,18-34,Prefer not to say
2025-08-31,Good Humor Strawberry Shortcake Bar,South,58,2.77,160.66,102.51,58.15,0.3619,35-54,Male
2025-08-31,Good Humor Strawberry Shortcake Bar,South,125,2.77,346.25,220.93,125.32,0.3619,35-54,Female
2025-08-31,Good Humor Strawberry Shortcake Bar,South,147,2.77,407.19,259.82,147.37,0.3619,35-54,Non-binary
2025-08-31,Good Humor Strawberry Shortcake Bar,South,53,2.77,146.81,93.68,53.13,0.3619,35-54,Prefer not to say
2025-08-31,Good Humor Strawberry Shortcake Bar,South,24,2.77,66.48,42.42,24.06,0.3619,55+,Male
2025-08-31,Good Humor Strawberry Shortcake Bar,South,53,2.77,146.81,93.68,53.13,0.3619,55+,Female
2025-08-31,Good Humor Strawberry Shortcake Bar,South,62,2.77,171.74,109.58,62.16,0.3619,55+,Non-binary
2025-08-31,Good Humor Strawberry Shortcake Bar,South,23,2.77,63.71,40.65,23.06,0.3619,55+,Prefer not to say
2025-08-31,Good Humor Strawberry Shortcake Bar,West,263,2.06,541.78,409.93,131.85,0.2434,<18,Male
2025-08-31,Good Humor Strawberry Shortcake Bar,West,451,2.06,929.06,702.95,226.11,0.2434,<18,Female
2025-08-31,Good Humor Strawberry Shortcake Bar,West,113,2.06,232.78,176.13,56.65,0.2434,<18,Non-binary
2025-08-31,Good Humor Strawberry Shortcake Bar,West,512,2.06,1054.72,798.03,256.69,0.2434,<18,Prefer not to say
2025-08-31,Good Humor Strawberry Shortcake Bar,West,69,2.06,142.14,107.55,34.59,0.2434,18-34,Male
2025-08-31,Good Humor Strawberry Shortcake Bar,West,117,2.06,241.02,182.36,58.66,0.2434,18-34,Female
2025-08-31,Good Humor Strawberry Shortcake Bar,West,29,2.06,59.74,45.2,14.54,0.2434,18-34,Non-binary
2025-08-31,Good Humor Strawberry Shortcake Bar,West,134,2.06,276.04,208.86,67.18,0.2434,18-34,Prefer not to say
2025-08-31,Good Humor Strawberry Shortcake Bar,West,59,2.06,121.54,91.96,29.58,0.2434,35-54,Male
2025-08-31,Good Humor Strawberry Shortcake Bar,West,102,2.06,210.12,158.98,51.14,0.2434,35-54,Female
2025-08-31,Good Humor Strawberry Shortcake Bar,West,25,2.06,51.5,38.97,12.53,0.2434,35-54,Non-binary
2025-08-31,Good Humor Strawberry Shortcake Bar,West,116,2.06,238.96,180.8,58.16,0.2434,35-54,Prefer not to say
2025-08-31,Good Humor Strawberry Shortcake Bar,West,38,2.06,78.28,59.23,19.05,0.2434,55+,Male
2025-08-31,Good Humor Strawberry Shortcake Bar,West,66,2.06,135.96,102.87,33.09,0.2434,55+,Female
2025-08-31,Good Humor Strawberry Shortcake Bar,West,16,2.06,32.96,24.94,8.02,0.2434,55+,Non-binary
2025-08-31,Good Humor Strawberry Shortcake Bar,West,75,2.06,154.5,116.9,37.6,0.2434,55+,Prefer not to say
2025-08-31,Good Humor Chocolate Eclair Bar,Northeast,198,2.98,590.04,397.23,192.81,0.3268,<18,Male
2025-08-31,Good Humor Chocolate Eclair Bar,Northeast,202,2.98,601.96,405.25,196.71,0.3268,<18,Female
2025-08-31,Good Humor Chocolate Eclair Bar,Northeast,259,2.98,771.82,519.61,252.21,0.3268,<18,Non-binary
2025-08-31,Good Humor Chocolate Eclair Bar,Northeast,87,2.98,259.26,174.54,84.72,0.3268,<18,Prefer not to say
2025-08-31,Good Humor Chocolate Eclair Bar,Northeast,21,2.98,62.58,42.13,20.45,0.3268,18-34,Male
2025-08-31,Good Humor Chocolate Eclair Bar,Northeast,21,2.98,62.58,42.13,20.45,0.3268,18-34,Female
2025-08-31,Good Humor Chocolate Eclair Bar,Northeast,27,2.98,80.46,54.17,26.29,0.3268,18-34,Non-binary
2025-08-31,Good Humor Chocolate Eclair Bar,Northeast,9,2.98,26.82,18.06,8.76,0.3268,18-34,Prefer not to say
2025-08-31,Good Humor Chocolate Eclair Bar,Northeast,221,2.98,658.58,443.37,215.21,0.3268,35-54,Male
2025-08-31,Good Humor Chocolate Eclair Bar,Northeast,225,2.98,670.5,451.4,219.1,0.3268,35-54,Female
2025-08-31,Good Humor Chocolate Eclair Bar,Northeast,288,2.98,858.24,577.79,280.45,0.3268,35-54,Non-binary
2025-08-31,Good Humor Chocolate Eclair Bar,Northeast,97,2.98,289.06,194.6,94.46,0.3268,35-54,Prefer not to say
2025-08-31,Good Humor Chocolate Eclair Bar,Northeast,243,2.98,724.14,487.51,236.63,0.3268,55+,Male
2025-08-31,Good Humor Chocolate Eclair Bar,Northeast,248,2.98,739.04,497.54,241.5,0.3268,55+,Female
2025-08-31,Good Humor Chocolate Eclair Bar,Northeast,317,2.98,944.66,635.97,308.69,0.3268,55+,Non-binary
2025-08-31,Good Humor Chocolate Eclair Bar,Northeast,106,2.98,315.88,212.66,103.22,0.3268,55+,Prefer not to say
2025-08-31,Good Humor Chocolate Eclair Bar,Midwest,290,2.92,846.8,652.6,194.2,0.2293,<18,Male
2025-08-31,Good Humor Chocolate Eclair Bar,Midwest,92,2.92,268.64,207.03,61.61,0.2293,<18,Female
2025-08-31,Good Humor Chocolate Eclair Bar,Midwest,524,2.92,1530.08,1179.19,350.89,0.2293,<18,Non-binary
2025-08-31,Good Humor Chocolate Eclair Bar,Midwest,1,2.92,2.92,2.25,0.67,0.2293,<18,Prefer not to say
2025-08-31,Good Humor Chocolate Eclair Bar,Midwest,103,2.92,300.76,231.79,68.97,0.2293,18-34,Male
2025-08-31,Good Humor Chocolate Eclair Bar,Midwest,33,2.92,96.36,74.26,22.1,0.2293,18-34,Female
2025-08-31,Good Humor Chocolate Eclair Bar,Midwest,186,2.92,543.12,418.57,124.55,0.2293,18-34,Non-binary
2025-08-31,Good Humor Chocolate Eclair Bar,Midwest,24,2.92,70.08,54.01,16.07,0.2293,35-54,Male
2025-08-31,Good Humor Chocolate Eclair Bar,Midwest,8,2.92,23.36,18.0,5.36,0.2293,35-54,Female
2025-08-31,Good Humor Chocolate Eclair Bar,Midwest,43,2.92,125.56,96.77,28.79,0.2293,35-54,Non-binary
2025-08-31,Good Humor Chocolate Eclair Bar,Midwest,120,2.92,350.4,270.04,80.36,0.2293,55+,Male
2025-08-31,Good Humor Chocolate Eclair Bar,Midwest,38,2.92,110.96,85.51,25.45,0.2293,55+,Female
2025-08-31,Good Humor Chocolate Eclair Bar,Midwest,217,2.92,633.64,488.33,145.31,0.2293,55+,Non-binary
2025-08-31,Good Humor Chocolate Eclair Bar,Midwest,1,2.92,2.92,2.25,0.67,0.2293,55+,Prefer not to say
2025-08-31,Good Humor Chocolate Eclair Bar,South,2,1.7,3.4,2.43,0.97,0.2847,<18,Male
2025-08-31,Good Humor Chocolate Eclair Bar,South,20,1.7,34.0,24.32,9.68,0.2847,<18,Female
2025-08-31,Good Humor Chocolate Eclair Bar,South,14,1.7,23.8,17.03,6.77,0.2847,<18,Non-binary
2025-08-31,Good Humor Chocolate Eclair Bar,South,77,1.7,130.9,93.64,37.26,0.2847,<18,Prefer not to say
2025-08-31,Good Humor Chocolate Eclair Bar,South,12,1.7,20.4,14.59,5.81,0.2847,18-34,Male
2025-08-31,Good Humor Chocolate Eclair Bar,South,100,1.7,170.0,121.61,48.39,0.2847,18-34,Female
2025-08-31,Good Humor Chocolate Eclair Bar,South,72,1.7,122.4,87.56,34.84,0.2847,18-34,Non-binary
2025-08-31,Good Humor Chocolate Eclair Bar,South,385,1.7,654.5,468.19,186.31,0.2847,18-34,Prefer not to say
2025-08-31,Good Humor Chocolate Eclair Bar,South,1,1.7,1.7,1.22,0.48,0.2847,35-54,Female
2025-08-31,Good Humor Chocolate Eclair Bar,South,1,1.7,1.7,1.22,0.48,0.2847,35-54,Non-binary
2025-08-31,Good Humor Chocolate Eclair Bar,South,4,1.7,6.8,4.86,1.94,0.2847,35-54,Prefer not to say
2025-08-31,Good Humor Chocolate Eclair Bar,South,24,1.7,40.8,29.19,11.61,0.2847,55+,Male
2025-08-31,Good Humor Chocolate Eclair Bar,South,204,1.7,346.8,248.08,98.72,0.2847,55+,Female
2025-08-31,Good Humor Chocolate Eclair Bar,South,147,1.7,249.9,178.76,71.14,0.2847,55+,Non-binary
2025-08-31,Good Humor Chocolate Eclair Bar,South,790,1.7,1343.0,960.71,382.29,0.2847,55+,Prefer not to say
2025-08-31,Good Humor Chocolate Eclair Bar,West,4,2.45,9.8,5.89,3.91,0.3987,<18,Male
2025-08-31,Good Humor Chocolate Eclair Bar,West,11,2.45,26.95,16.21,10.74,0.3987,<18,Female
2025-08-31,Good Humor Chocolate Eclair Bar,West,4,2.45,9.8,5.89,3.91,0.3987,<18,Prefer not to say
2025-08-31,Good Humor Chocolate Eclair Bar,West,32,2.45,78.4,47.15,31.25,0.3987,18-34,Male
2025-08-31,Good Humor Chocolate Eclair Bar,West,100,2.45,245.0,147.33,97.67,0.3987,18-34,Female
2025-08-31,Good Humor Chocolate Eclair Bar,West,4,2.45,9.8,5.89,3.91,0.3987,18-34,Non-binary
2025-08-31,Good Humor Chocolate Eclair Bar,West,35,2.45,85.75,51.57,34.18,0.3987,18-34,Prefer not to say
2025-08-31,Good Humor Chocolate Eclair Bar,West,122,2.45,298.9,179.74,119.16,0.3987,35-54,Male
2025-08-31,Good Humor Chocolate Eclair Bar,West,384,2.45,940.8,565.75,375.05,0.3987,35-54,Female
2025-08-31,Good Humor Chocolate Eclair Bar,West,14,2.45,34.3,20.63,13.67,0.3987,35-54,Non-binary
2025-08-31,Good Humor Chocolate Eclair Bar,West,134,2.45,328.3,197.42,130.88,0.3987,35-54,Prefer not to say
2025-08-31,Good Humor Chocolate Eclair Bar,West,133,2.45,325.85,195.95,129.9,0.3987,55+,Male
2025-08-31,Good Humor Chocolate Eclair Bar,West,419,2.45,1026.55,617.31,409.24,0.3987,55+,Female
2025-08-31,Good Humor Chocolate Eclair Bar,West,15,2.45,36.75,22.1,14.65,0.3987,55+,Non-binary
2025-08-31,Good Humor Chocolate Eclair Bar,West,146,2.45,357.7,215.1,142.6,0.3987,55+,Prefer not to say
2025-09-30,Good Humor Classic Bar,Northeast,250,2.05,512.5,396.49,116.01,0.2264,<18,Male
2025-09-30,Good Humor Classic Bar,Northeast,88,2.05,180.4,139.57,40.83,0.2264,<18,Female
2025-09-30,Good Humor Classic Bar,Northeast,54,2.05,110.7,85.64,25.06,0.2264,<18,Non-binary
2025-09-30,Good Humor Classic Bar,Northeast,202,2.05,414.1,320.37,93.73,0.2264,<18,Prefer not to say
2025-09-30,Good Humor Classic Bar,Northeast,189,2.05,387.45,299.75,87.7,0.2264,18-34,Male
2025-09-30,Good Humor Classic Bar,Northeast,67,2.05,137.35,106.26,31.09,0.2264,18-34,Female
2025-09-30,Good Humor Classic Bar,Northeast,41,2.05,84.05,65.02,19.03,0.2264,18-34,Non-binary
2025-09-30,Good Humor Classic Bar,Northeast,152,2.05,311.6,241.07,70.53,0.2264,18-34,Prefer not to say
2025-09-30,Good Humor Classic Bar,Northeast,26,2.05,53.3,41.24,12.06,0.2264,35-54,Male
2025-09-30,Good Humor Classic Bar,Northeast,9,2.05,18.45,14.27,4.18,0.2264,35-54,Female
2025-09-30,Good Humor Classic Bar,Northeast,6,2.05,12.3,9.52,2.78,0.2264,35-54,Non-binary
2025-09-30,Good Humor Classic Bar,Northeast,21,2.05,43.05,33.31,9.74,0.2264,35-54,Prefer not to say
2025-09-30,Good Humor Classic Bar,Northeast,208,2.05,426.4,329.88,96.52,0.2264,55+,Male
2025-09-30,Good Humor Classic Bar,Northeast,73,2.05,149.65,115.78,33.87,0.2264,55+,Female
2025-09-30,Good Humor Classic Bar,Northeast,45,2.05,92.25,71.37,20.88,0.2264,55+,Non-binary
2025-09-30,Good Humor Classic Bar,Northeast,168,2.05,344.4,266.44,77.96,0.2264,55+,Prefer not to say
2025-09-30,Good Humor Classic Bar,Midwest,1,2.51,2.51,1.99,0.52,0.2064,<18,Male
2025-09-30,Good Humor Classic Bar,Midwest,123,2.51,308.73,245.02,63.71,0.2064,<18,Female
2025-09-30,Good Humor Classic Bar,Midwest,104,2.51,261.04,207.17,53.87,0.2064,<18,Non-binary
2025-09-30,Good Humor Classic Bar,Midwest,126,2.51,316.26,250.99,65.27,0.2064,<18,Prefer not to say
2025-09-30,Good Humor Classic Bar,Midwest,30,2.51,75.3,59.76,15.54,0.2064,18-34,Female
2025-09-30,Good Humor Classic Bar,Midwest,25,2.51,62.75,49.8,12.95,0.2064,18-34,Non-binary
2025-09-30,Good Humor Classic Bar,Midwest,31,2.51,77.81,61.75,16.06,0.2064,18-34,Prefer not to say
2025-09-30,Good Humor Classic Bar,Midwest,1,2.51,2.51,1.99,0.52,0.2064,35-54,Female
2025-09-30,Good Humor Classic Bar,Midwest,1,2.51,2.51,1.99,0.52,0.2064,35-54,Non-binary
2025-09-30,Good Humor Classic Bar,Midwest,1,2.51,2.51,1.99,0.52,0.2064,35-54,Prefer not to say
2025-09-30,Good Humor Classic Bar,Midwest,1,2.51,2.51,1.99,0.52,0.2064,55+,Male
2025-09-30,Good Humor Classic Bar,Midwest,162,2.51,406.62,322.7,83.92,0.2064,55+,Female
2025-09-30,Good Humor Classic Bar,Midwest,137,2.51,343.87,272.9,70.97,0.2064,55+,Non-binary
2025-09-30,Good Humor Classic Bar,Midwest,166,2.51,416.66,330.67,85.99,0.2064,55+,Prefer not to say
2025-09-30,Good Humor Classic Bar,South,20,1.51,30.2,18.59,11.61,0.3845,<18,Male
2025-09-30,Good Humor Classic Bar,South,24,1.51,36.24,22.31,13.93,0.3845,<18,Female
2025-09-30,Good Humor Classic Bar,South,10,1.51,15.1,9.29,5.81,0.3845,<18,Non-binary
2025-09-30,Good Humor Classic Bar,South,29,1.51,43.79,26.95,16.84,0.3845,<18,Prefer not to say
2025-09-30,Good Humor Classic Bar,South,60,1.51,90.6,55.77,34.83,0.3845,18-34,Male
2025-09-30,Good Humor Classic Bar,South,73,1.51,110.23,67.85,42.38,0.3845,18-34,Female
2025-09-30,Good Humor Classic Bar,South,29,1.51,43.79,26.95,16.84,0.3845,18-34,Non-binary
2025-09-30,Good Humor Classic Bar,South,88,1.51,132.88,81.79,51.09,0.3845,18-34,Prefer not to say
2025-09-30,Good Humor Classic Bar,South,123,1.51,185.73,114.32,71.41,0.3845,35-54,Male
2025-09-30,Good Humor Classic Bar,South,151,1.51,228.01,140.34,87.67,0.3845,35-54,Female
2025-09-30,Good Humor Classic Bar,South,59,1.51,89.09,54.84,34.25,0.3845,35-54,Non-binary
2025-09-30,Good Humor Classic Bar,South,182,1.51,274.82,169.16,105.66,0.3845,35-54,Prefer not to say
2025-09-30,Good Humor Classic Bar,South,1,1.51,1.51,0.93,0.58,0.3845,55+,Male
2025-09-30,Good Humor Classic Bar,South,1,1.51,1.51,0.93,0.58,0.3845,55+,Female
2025-09-30,Good Humor Classic Bar,South,1,1.51,1.51,0.93,0.58,0.3845,55+,Prefer not to say
2025-09-30,Good Humor Classic Bar,West,1,2.98,2.98,1.84,1.14,0.383,<18,Male
2025-09-30,Good Humor Classic Bar,West,60,2.98,178.8,110.33,68.47,0.383,<18,Female
2025-09-30,Good Humor Classic Bar,West,7,2.98,20.86,12.87,7.99,0.383,<18,Non-binary
2025-09-30,Good Humor Classic Bar,West,18,2.98,53.64,33.1,20.54,0.383,<18,Prefer not to say
2025-09-30,Good Humor Classic Bar,West,7,2.98,20.86,12.87,7.99,0.383,18-34,Male
2025-09-30,Good Humor Classic Bar,West,302,2.98,899.96,555.32,344.64,0.383,18-34,Female
2025-09-30,Good Humor Classic Bar,West,33,2.98,98.34,60.68,37.66,0.383,18-34,Non-binary
2025-09-30,Good Humor Classic Bar,West,92,2.98,274.16,169.17,104.99,0.383,18-34,Prefer not to say
2025-09-30,Good Humor Classic Bar,West,4,2.98,11.92,7.36,4.56,0.383,35-54,Male
2025-09-30,Good Humor Classic Bar,West,178,2.98,530.44,327.31,203.13,0.383,35-54,Female
2025-09-30,Good Humor Classic Bar,West,19,2.98,56.62,34.94,21.68,0.383,35-54,Non-binary
2025-09-30,Good Humor Classic Bar,West,55,2.98,163.9,101.13,62.77,0.383,35-54,Prefer not to say
2025-09-30,Good Humor Classic Bar,West,1,2.98,2.98,1.84,1.14,0.383,55+,Male
2025-09-30,Good Humor Classic Bar,West,54,2.98,160.92,99.3,61.62,0.383,55+,Female
2025-09-30,Good Humor Classic Bar,West,6,2.98,17.88,11.03,6.85,0.383,55+,Non-binary
2025-09-30,Good Humor Classic Bar,West,17,2.98,50.66,31.26,19.4,0.383,55+,Prefer not to say
2025-09-30,Good Humor Strawberry Shortcake Bar,Northeast,15,1.84,27.6,20.96,6.64,0.2407,<18,Male
2025-09-30,Good Humor Strawberry Shortcake Bar,Northeast,36,1.84,66.24,50.29,15.95,0.2407,<18,Female
2025-09-30,Good Humor Strawberry Shortcake Bar,Northeast,22,1.84,40.48,30.73,9.75,0.2407,<18,Non-binary
2025-09-30,Good Humor Strawberry Shortcake Bar,Northeast,24,1.84,44.16,33.53,10.63,0.2407,<18,Prefer not to say
2025-09-30,Good Humor Strawberry Shortcake Bar,Northeast,51,1.84,93.84,71.25,22.59,0.2407,18-34,Male
2025-09-30,Good Humor Strawberry Shortcake Bar,Northeast,123,1.84,226.32,171.84,54.48,0.2407,18-34,Female
2025-09-30,Good Humor Strawberry Shortcake Bar,Northeast,77,1.84,141.68,107.57,34.11,0.2407,18-34,Non-binary
2025-09-30,Good Humor Strawberry Shortcake Bar,Northeast,82,1.84,150.88,114.56,36.32,0.2407,18-34,Prefer not to say
2025-09-30,Good Humor Strawberry Shortcake Bar,Northeast,77,1.84,141.68,107.57,34.11,0.2407,35-54,Male
2025-09-30,Good Humor Strawberry Shortcake Bar,Northeast,187,1.84,344.08,261.25,82.83,0.2407,35-54,Female
2025-09-30,Good Humor Strawberry Shortcake Bar,Northeast,117,1.84,215.28,163.45,51.83,0.2407,35-54,Non-binary
2025-09-30,Good Humor Strawberry Shortcake Bar,Northeast,124,1.84,228.16,173.23,54.93,0.2407,35-54,Prefer not to say
2025-09-30,Good Humor Strawberry Shortcake Bar,Northeast,33,1.84,60.72,46.1,14.62,0.2407,55+,Male
2025-09-30,Good Humor Strawberry Shortcake Bar,Northeast,80,1.84,147.2,111.76,35.44,0.2407,55+,Female
2025-09-30,Good Humor Strawberry Shortcake Bar,Northeast,50,1.84,92.0,69.85,22.15,0.2407,55+,Non-binary
2025-09-30,Good Humor Strawberry Shortcake Bar,Northeast,53,1.84,97.52,74.04,23.48,0.2407,55+,Prefer not to say
2025-09-30,Good Humor Strawberry Shortcake Bar,Midwest,499,1.53,763.47,549.91,213.56,0.2797,<18,Male
2025-09-30,Good Humor Strawberry Shortcake Bar,Midwest,32,1.53,48.96,35.26,13.7,0.2797,<18,Female
2025-09-30,Good Humor Strawberry Shortcake Bar,Midwest,42,1.53,64.26,46.29,17.97,0.2797,<18,Non-binary
2025-09-30,Good Humor Strawberry Shortcake Bar,Midwest,47,1.53,71.91,51.8,20.11,0.2797,<18,Prefer not to say
2025-09-30,Good Humor Strawberry Shortcake Bar,Midwest,115,1.53,175.95,126.73,49.22,0.2797,18-34,Male
2025-09-30,Good Humor Strawberry Shortcake Bar,Midwest,7,1.53,10.71,7.71,3.0,0.2797,18-34,Female
2025-09-30,Good Humor Strawberry Shortcake Bar,Midwest,10,1.53,15.3,11.02,4.28,0.2797,18-34,Non-binary
2025-09-30,Good Humor Strawberry Shortcake Bar,Midwest,11,1.53,16.83,12.12,4.71,0.2797,18-34,Prefer not to say
2025-09-30,Good Humor Strawberry Shortcake Bar,Midwest,178,1.53,272.34,196.16,76.18,0.2797,35-54,Male
2025-09-30,Good Humor Strawberry Shortcake Bar,Midwest,11,1.53,16.83,12.12,4.71,0.2797,35-54,Female
2025-09-30,Good Humor Strawberry Shortcake Bar,Midwest,15,1.53,22.95,16.53,6.42,0.2797,35-54,Non-binary
2025-09-30,Good Humor Strawberry Shortcake Bar,Midwest,17,1.53,26.01,18.73,7.28,0.2797,35-54,Prefer not to say
2025-09-30,Good Humor Strawberry Shortcake Bar,Midwest,494,1.53,755.82,544.4,211.42,0.2797,55+,Male
2025-09-30,Good Humor Strawberry Shortcake Bar,Midwest,31,1.53,47.43,34.16,13.27,0.2797,55+,Female
2025-09-30,Good Humor Strawberry Shortcake Bar,Midwest,42,1.53,64.26,46.29,17.97,0.2797,55+,Non-binary
2025-09-30,Good Humor Strawberry Shortcake Bar,Midwest,46,1.53,70.38,50.69,19.69,0.2797,55+,Prefer not to say
2025-09-30,Good Humor Strawberry Shortcake Bar,South,81,2.53,204.93,148.11,56.82,0.2773,<18,Male
2025-09-30,Good Humor Strawberry Shortcake Bar,South,25,2.53,63.25,45.71,17.54,0.2773,<18,Female
2025-09-30,Good Humor Strawberry Shortcake Bar,South,3,2.53,7.59,5.49,2.1,0.2773,<18,Non-binary
2025-09-30,Good Humor Strawberry Shortcake Bar,South,58,2.53,146.74,106.05,40.69,0.2773,<18,Prefer not to say
2025-09-30,Good Humor Strawberry Shortcake Bar,South,203,2.53,513.59,371.18,142.41,0.2773,18-34,Male
2025-09-30,Good Humor Strawberry Shortcake Bar,South,63,2.53,159.39,115.19,44.2,0.2773,18-34,Female
2025-09-30,Good Humor Strawberry Shortcake Bar,South,8,2.53,20.24,14.63,5.61,0.2773,18-34,Non-binary
2025-09-30,Good Humor Strawberry Shortcake Bar,South,145,2.53,366.85,265.13,101.72,0.2773,18-34,Prefer not to say
2025-09-30,Good Humor Strawberry Shortcake Bar,South,160,2.53,404.8,292.56,112.24,0.2773,35-54,Male
2025-09-30,Good Humor Strawberry Shortcake Bar,South,50,2.53,126.5,91.42,35.08,0.2773,35-54,Female
2025-09-30,Good Humor Strawberry Shortcake Bar,South,6,2.53,15.18,10.97,4.21,0.2773,35-54,Non-binary
2025-09-30,Good Humor Strawberry Shortcake Bar,South,114,2.53,288.42,208.45,79.97,0.2773,35-54,Prefer not to say
2025-09-30,Good Humor Strawberry Shortcake Bar,South,353,2.53,893.09,645.45,247.64,0.2773,55+,Male
2025-09-30,Good Humor Strawberry Shortcake Bar,South,110,2.53,278.3,201.13,77.17,0.2773,55+,Female
2025-09-30,Good Humor Strawberry Shortcake Bar,South,14,2.53,35.42,25.6,9.82,0.2773,55+,Non-binary
2025-09-30,Good Humor Strawberry Shortcake Bar,South,252,2.53,637.56,460.78,176.78,0.2773,55+,Prefer not to say
2025-09-30,Good Humor Strawberry Shortcake Bar,West,133,1.9,252.7,179.59,73.11,0.2893,<18,Male
2025-09-30,Good Humor Strawberry Shortcake Bar,West,185,1.9,351.5,249.8,101.7,0.2893,<18,Female
2025-09-30,Good Humor Strawberry Shortcake Bar,West,203,1.9,385.7,274.11,111.59,0.2893,<18,Non-binary
2025-09-30,Good Humor Strawberry Shortcake Bar,West,98,1.9,186.2,132.33,53.87,0.2893,<18,Prefer not to say
2025-09-30,Good Humor Strawberry Shortcake Bar,West,97,1.9,184.3,130.98,53.32,0.2893,18-34,Male
2025-09-30,Good Humor Strawberry Shortcake Bar,West,135,1.9,256.5,182.29,74.21,0.2893,18-34,Female
2025-09-30,Good Humor Strawberry Shortcake Bar,West,148,1.9,281.2,199.84,81.36,0.2893,18-34,Non-binary
2025-09-30,Good Humor Strawberry Shortcake Bar,West,72,1.9,136.8,97.22,39.58,0.2893,18-34,Prefer not to say
2025-09-30,Good Humor Strawberry Shortcake Bar,West,98,1.9,186.2,132.33,53.87,0.2893,35-54,Male
2025-09-30,Good Humor Strawberry Shortcake Bar,West,137,1.9,260.3,184.99,75.31,0.2893,35-54,Female
2025-09-30,Good Humor Strawberry Shortcake Bar,West,149,1.9,283.1,201.19,81.91,0.2893,35-54,Non-binary
2025-09-30,Good Humor Strawberry Shortcake Bar,West,72,1.9,136.8,97.22,39.58,0.2893,35-54,Prefer not to say
2025-09-30,Good Humor Strawberry Shortcake Bar,West,6,1.9,11.4,8.1,3.3,0.2893,55+,Male
2025-09-30,Good Humor Strawberry Shortcake Bar,West,8,1.9,15.2,10.8,4.4,0.2893,55+,Female
2025-09-30,Good Humor Strawberry Shortcake Bar,West,8,1.9,15.2,10.8,4.4,0.2893,55+,Non-binary
2025-09-30,Good Humor Strawberry Shortcake Bar,West,4,1.9,7.6,5.4,2.2,0.2893,55+,Prefer not to say
2025-09-30,Good Humor Chocolate Eclair Bar,Northeast,127,2.61,331.47,203.74,127.73,0.3854,<18,Male
2025-09-30,Good Humor Chocolate Eclair Bar,Northeast,31,2.61,80.91,49.73,31.18,0.3854,<18,Female
2025-09-30,Good Humor Chocolate Eclair Bar,Northeast,82,2.61,214.02,131.55,82.47,0.3854,<18,Non-binary
2025-09-30,Good Humor Chocolate Eclair Bar,Northeast,122,2.61,318.42,195.72,122.7,0.3854,<18,Prefer not to say
2025-09-30,Good Humor Chocolate Eclair Bar,Northeast,185,2.61,482.85,296.78,186.07,0.3854,18-34,Male
2025-09-30,Good Humor Chocolate Eclair Bar,Northeast,45,2.61,117.45,72.19,45.26,0.3854,18-34,Female
2025-09-30,Good Humor Chocolate Eclair Bar,Northeast,120,2.61,313.2,192.51,120.69,0.3854,18-34,Non-binary
2025-09-30,Good Humor Chocolate Eclair Bar,Northeast,179,2.61,467.19,287.16,180.03,0.3854,18-34,Prefer not to say
2025-09-30,Good Humor Chocolate Eclair Bar,Northeast,8,2.61,20.88,12.83,8.05,0.3854,35-54,Male
2025-09-30,Good Humor Chocolate Eclair Bar,Northeast,2,2.61,5.22,3.21,2.01,0.3854,35-54,Female
2025-09-30,Good Humor Chocolate Eclair Bar,Northeast,5,2.61,13.05,8.02,5.03,0.3854,35-54,Non-binary
2025-09-30,Good Humor Chocolate Eclair Bar,Northeast,8,2.61,20.88,12.83,8.05,0.3854,35-54,Prefer not to say
2025-09-30,Good Humor Chocolate Eclair Bar,Northeast,216,2.61,563.76,346.51,217.25,0.3854,55+,Male
2025-09-30,Good Humor Chocolate Eclair Bar,Northeast,53,2.61,138.33,85.02,53.31,0.3854,55+,Female
2025-09-30,Good Humor Chocolate Eclair Bar,Northeast,140,2.61,365.4,224.59,140.81,0.3854,55+,Non-binary
2025-09-30,Good Humor Chocolate Eclair Bar,Northeast,209,2.61,545.49,335.28,210.21,0.3854,55+,Prefer not to say
2025-09-30,Good Humor Chocolate Eclair Bar,Midwest,14,2.73,38.22,22.98,15.24,0.3989,<18,Male
2025-09-30,Good Humor Chocolate Eclair Bar,Midwest,3,2.73,8.19,4.92,3.27,0.3989,<18,Female
2025-09-30,Good Humor Chocolate Eclair Bar,Midwest,3,2.73,8.19,4.92,3.27,0.3989,<18,Non-binary
2025-09-30,Good Humor Chocolate Eclair Bar,Midwest,2,2.73,5.46,3.28,2.18,0.3989,<18,Prefer not to say
2025-09-30,Good Humor Chocolate Eclair Bar,Midwest,128,2.73,349.44,210.06,139.38,0.3989,18-34,Male
2025-09-30,Good Humor Chocolate Eclair Bar,Midwest,27,2.73,73.71,44.31,29.4,0.3989,18-34,Female
2025-09-30,Good Humor Chocolate Eclair Bar,Midwest,24,2.73,65.52,39.39,26.13,0.3989,18-34,Non-binary
2025-09-30,Good Humor Chocolate Eclair Bar,Midwest,23,2.73,62.79,37.75,25.04,0.3989,18-34,Prefer not to say
2025-09-30,Good Humor Chocolate Eclair Bar,Midwest,76,2.73,207.48,124.72,82.76,0.3989,35-54,Male
2025-09-30,Good Humor Chocolate Eclair Bar,Midwest,16,2.73,43.68,26.26,17.42,0.3989,35-54,Female
2025-09-30,Good Humor Chocolate Eclair Bar,Midwest,14,2.73,38.22,22.98,15.24,0.3989,35-54,Non-binary
2025-09-30,Good Humor Chocolate Eclair Bar,Midwest,14,2.73,38.22,22.98,15.24,0.3989,35-54,Prefer not to say
2025-09-30,Good Humor Chocolate Eclair Bar,Midwest,214,2.73,584.22,351.19,233.03,0.3989,55+,Male
2025-09-30,Good Humor Chocolate Eclair Bar,Midwest,45,2.73,122.85,73.85,49.0,0.3989,55+,Female
2025-09-30,Good Humor Chocolate Eclair Bar,Midwest,40,2.73,109.2,65.64,43.56,0.3989,55+,Non-binary
2025-09-30,Good Humor Chocolate Eclair Bar,Midwest,38,2.73,103.74,62.36,41.38,0.3989,55+,Prefer not to say
2025-09-30,Good Humor Chocolate Eclair Bar,South,23,1.54,35.42,28.07,7.35,0.2074,<18,Male
2025-09-30,Good Humor Chocolate Eclair Bar,South,5,1.54,7.7,6.1,1.6,0.2074,<18,Female
2025-09-30,Good Humor Chocolate Eclair Bar,South,74,1.54,113.96,90.33,23.63,0.2074,<18,Non-binary
2025-09-30,Good Humor Chocolate Eclair Bar,South,47,1.54,72.38,57.37,15.01,0.2074,<18,Prefer not to say
2025-09-30,Good Humor Chocolate Eclair Bar,South,56,1.54,86.24,68.35,17.89,0.2074,18-34,Male
2025-09-30,Good Humor Chocolate Eclair Bar,South,12,1.54,18.48,14.65,3.83,0.2074,18-34,Female
2025-09-30,Good Humor Chocolate Eclair Bar,South,181,1.54,278.74,220.93,57.81,0.2074,18-34,Non-binary
2025-09-30,Good Humor Chocolate Eclair Bar,South,114,1.54,175.56,139.15,36.41,0.2074,18-34,Prefer not to say
2025-09-30,Good Humor Chocolate Eclair Bar,South,98,1.54,150.92,119.62,31.3,0.2074,35-54,Male
2025-09-30,Good Humor Chocolate Eclair Bar,South,21,1.54,32.34,25.63,6.71,0.2074,35-54,Female
2025-09-30,Good Humor Chocolate Eclair Bar,South,318,1.54,489.72,388.16,101.56,0.2074,35-54,Non-binary
2025-09-30,Good Humor Chocolate Eclair Bar,South,200,1.54,308.0,244.12,63.88,0.2074,35-54,Prefer not to say
2025-09-30,Good Humor Chocolate Eclair Bar,South,41,1.54,63.14,50.05,13.09,0.2074,55+,Male
2025-09-30,Good Humor Chocolate Eclair Bar,South,9,1.54,13.86,10.99,2.87,0.2074,55+,Female
2025-09-30,Good Humor Chocolate Eclair Bar,South,132,1.54,203.28,161.12,42.16,0.2074,55+,Non-binary
2025-09-30,Good Humor Chocolate Eclair Bar,South,83,1.54,127.82,101.31,26.51,0.2074,55+,Prefer not to say
2025-09-30,Good Humor Chocolate Eclair Bar,West,159,1.91,303.69,227.88,75.81,0.2496,<18,Male
2025-09-30,Good Humor Chocolate Eclair Bar,West,122,1.91,233.02,174.85,58.17,0.2496,<18,Female
2025-09-30,Good Humor Chocolate Eclair Bar,West,13,1.91,24.83,18.63,6.2,0.2496,<18,Non-binary
2025-09-30,Good Humor Chocolate Eclair Bar,West,181,1.91,345.71,259.41,86.3,0.2496,<18,Prefer not to say
2025-09-30,Good Humor Chocolate Eclair Bar,West,19,1.91,36.29,27.23,9.06,0.2496,18-34,Male
2025-09-30,Good Humor Chocolate Eclair Bar,West,15,1.91,28.65,21.5,7.15,0.2496,18-34,Female
2025-09-30,Good Humor Chocolate Eclair Bar,West,2,1.91,3.82,2.87,0.95,0.2496,18-34,Non-binary
2025-09-30,Good Humor Chocolate Eclair Bar,West,22,1.91,42.02,31.53,10.49,0.2496,18-34,Prefer not to say
2025-09-30,Good Humor Chocolate Eclair Bar,West,10,1.91,19.1,14.33,4.77,0.2496,35-54,Male
2025-09-30,Good Humor Chocolate Eclair Bar,West,8,1.91,15.28,11.47,3.81,0.2496,35-54,Female
2025-09-30,Good Humor Chocolate Eclair Bar,West,1,1.91,1.91,1.43,0.48,0.2496,35-54,Non-binary
2025-09-30,Good Humor Chocolate Eclair Bar,West,11,1.91,21.01,15.77,5.24,0.2496,35-54,Prefer not to say
2025-09-30,Good Humor Chocolate Eclair Bar,West,96,1.91,183.36,137.59,45.77,0.2496,55+,Male
2025-09-30,Good Humor Chocolate Eclair Bar,West,74,1.91,141.34,106.06,35.28,0.2496,55+,Female
2025-09-30,Good Humor Chocolate Eclair Bar,West,8,1.91,15.28,11.47,3.81,0.2496,55+,Non-binary
2025-09-30,Good Humor Chocolate Eclair Bar,West,109,1.91,208.19,156.22,51.97,0.2496,55+,Prefer not to say
2025-10-31,Good Humor Classic Bar,Northeast,325,2.4,780.0,547.13,232.87,0.2986,<18,Male
2025-10-31,Good Humor Classic Bar,Northeast,41,2.4,98.4,69.02,29.38,0.2986,<18,Female
2025-10-31,Good Humor Classic Bar,Northeast,174,2.4,417.6,292.92,124.68,0.2986,<18,Non-binary
2025-10-31,Good Humor Classic Bar,Northeast,40,2.4,96.0,67.34,28.66,0.2986,<18,Prefer not to say
2025-10-31,Good Humor Classic Bar,Northeast,47,2.4,112.8,79.12,33.68,0.2986,18-34,Male
2025-10-31,Good Humor Classic Bar,Northeast,6,2.4,14.4,10.1,4.3,0.2986,18-34,Female
2025-10-31,Good Humor Classic Bar,Northeast,25,2.4,60.0,42.09,17.91,0.2986,18-34,Non-binary
2025-10-31,Good Humor Classic Bar,Northeast,6,2.4,14.4,10.1,4.3,0.2986,18-34,Prefer not to say
2025-10-31,Good Humor Classic Bar,Northeast,167,2.4,400.8,281.14,119.66,0.2986,35-54,Male
2025-10-31,Good Humor Classic Bar,Northeast,21,2.4,50.4,35.35,15.05,0.2986,35-54,Female
2025-10-31,Good Humor Classic Bar,Northeast,89,2.4,213.6,149.83,63.77,0.2986,35-54,Non-binary
2025-10-31,Good Humor Classic Bar,Northeast,21,2.4,50.4,35.35,15.05,0.2986,35-54,Prefer not to say
2025-10-31,Good Humor Classic Bar,Northeast,91,2.4,218.4,153.2,65.2,0.2986,55+,Male
2025-10-31,Good Humor Classic Bar,Northeast,12,2.4,28.8,20.2,8.6,0.2986,55+,Female
2025-10-31,Good Humor Classic Bar,Northeast,49,2.4,117.6,82.49,35.11,0.2986,55+,Non-binary
2025-10-31,Good Humor Classic Bar,Northeast,11,2.4,26.4,18.52,7.88,0.2986,55+,Prefer not to say
2025-10-31,Good Humor Classic Bar,Midwest,2,2.78,5.56,4.07,1.49,0.2681,<18,Male
2025-10-31,Good Humor Classic Bar,Midwest,4,2.78,11.12,8.14,2.98,0.2681,<18,Female
2025-10-31,Good Humor Classic Bar,Midwest,1,2.78,2.78,2.03,0.75,0.2681,<18,Non-binary
2025-10-31,Good Humor Classic Bar,Midwest,1,2.78,2.78,2.03,0.75,0.2681,<18,Prefer not to say
2025-10-31,Good Humor Classic Bar,Midwest,148,2.78,411.44,301.12,110.32,0.2681,18-34,Male
2025-10-31,Good Humor Classic Bar,Midwest,270,2.78,750.6,549.34,201.26,0.2681,18-34,Female
2025-10-31,Good Humor Classic Bar,Midwest,57,2.78,158.46,115.97,42.49,0.2681,18-34,Non-binary
2025-10-31,Good Humor Classic Bar,Midwest,36,2.78,100.08,73.25,26.83,0.2681,18-34,Prefer not to say
2025-10-31,Good Humor Classic Bar,Midwest,30,2.78,83.4,61.04,22.36,0.2681,35-54,Male
2025-10-31,Good Humor Classic Bar,Midwest,55,2.78,152.9,111.9,41.0,0.2681,35-54,Female
2025-10-31,Good Humor Classic Bar,Midwest,12,2.78,33.36,24.42,8.94,0.2681,35-54,Non-binary
2025-10-31,Good Humor Classic Bar,Midwest,7,2.78,19.46,14.24,5.22,0.2681,35-54,Prefer not to say
2025-10-31,Good Humor Classic Bar,Midwest,60,2.78,166.8,122.08,44.72,0.2681,55+,Male
2025-10-31,Good Humor Classic Bar,Midwest,110,2.78,305.8,223.81,81.99,0.2681,55+,Female
2025-10-31,Good Humor Classic Bar,Midwest,23,2.78,63.94,46.8,17.14,0.2681,55+,Non-binary
2025-10-31,Good Humor Classic Bar,Midwest,15,2.78,41.7,30.52,11.18,0.2681,55+,Prefer not to say
2025-10-31,Good Humor Classic Bar,South,11,1.87,20.57,12.35,8.22,0.3995,<18,Male
2025-10-31,Good Humor Classic Bar,South,10,1.87,18.7,11.23,7.47,0.3995,<18,Female
2025-10-31,Good Humor Classic Bar,South,21,1.87,39.27,23.58,15.69,0.3995,<18,Non-binary
2025-10-31,Good Humor Classic Bar,South,97,1.87,181.39,108.92,72.47,0.3995,<18,Prefer not to say
2025-10-31,Good Humor Classic Bar,South,23,1.87,43.01,25.83,17.18,0.3995,18-34,Male
2025-10-31,Good Humor Classic Bar,South,20,1.87,37.4,22.46,14.94,0.3995,18-34,Female
2025-10-31,Good Humor Classic Bar,South,42,1.87,78.54,47.16,31.38,0.3995,18-34,Non-binary
2025-10-31,Good Humor Classic Bar,South,194,1.87,362.78,217.83,144.95,0.3995,18-34,Prefer not to say
2025-10-31,Good Humor Classic Bar,South,4,1.87,7.48,4.49,2.99,0.3995,35-54,Male
2025-10-31,Good Humor Classic Bar,South,3,1.87,5.61,3.37,2.24,0.3995,35-54,Female
2025-10-31,Good Humor Classic Bar,South,7,1.87,13.09,7.86,5.23,0.3995,35-54,Non-binary
2025-10-31,Good Humor Classic Bar,South,33,1.87,61.71,37.05,24.66,0.3995,35-54,Prefer not to say
2025-10-31,Good Humor Classic Bar,South,5,1.87,9.35,5.61,3.74,0.3995,55+,Male
2025-10-31,Good Humor Classic Bar,South,4,1.87,7.48,4.49,2.99,0.3995,55+,Female
2025-10-31,Good Humor Classic Bar,South,8,1.87,14.96,8.98,5.98,0.3995,55+,Non-binary
2025-10-31,Good Humor Classic Bar,South,39,1.87,72.93,43.79,29.14,0.3995,55+,Prefer not to say
2025-10-31,Good Humor Classic Bar,West,19,2.35,44.65,32.68,11.97,0.2682,<18,Male
2025-10-31,Good Humor Classic Bar,West,18,2.35,42.3,30.96,11.34,0.2682,<18,Female
2025-10-31,Good Humor Classic Bar,West,28,2.35,65.8,48.15,17.65,0.2682,<18,Non-binary
2025-10-31,Good Humor Classic Bar,West,5,2.35,11.75,8.6,3.15,0.2682,<18,Prefer not to say
2025-10-31,Good Humor Classic Bar,West,206,2.35,484.1,354.27,129.83,0.2682,18-34,Male
2025-10-31,Good Humor Classic Bar,West,195,2.35,458.25,335.35,122.9,0.2682,18-34,Female
2025-10-31,Good Humor Classic Bar,West,308,2.35,723.8,529.69,194.11,0.2682,18-34,Non-binary
2025-10-31,Good Humor Classic Bar,West,54,2.35,126.9,92.87,34.03,0.2682,18-34,Prefer not to say
2025-10-31,Good Humor Classic Bar,West,132,2.35,310.2,227.01,83.19,0.2682,35-54,Male
2025-10-31,Good Humor Classic Bar,West,125,2.35,293.75,214.97,78.78,0.2682,35-54,Female
2025-10-31,Good Humor Classic Bar,West,198,2.35,465.3,340.51,124.79,0.2682,35-54,Non-binary
2025-10-31,Good Humor Classic Bar,West,35,2.35,82.25,60.19,22.06,0.2682,35-54,Prefer not to say
2025-10-31,Good Humor Classic Bar,West,115,2.35,270.25,197.77,72.48,0.2682,55+,Male
2025-10-31,Good Humor Classic Bar,West,109,2.35,256.15,187.45,68.7,0.2682,55+,Female
2025-10-31,Good Humor Classic Bar,West,172,2.35,404.2,295.8,108.4,0.2682,55+,Non-binary
2025-10-31,Good Humor Classic Bar,West,30,2.35,70.5,51.59,18.91,0.2682,55+,Prefer not to say
2025-10-31,Good Humor Strawberry Shortcake Bar,Northeast,140,2.7,378.0,263.87,114.13,0.3019,<18,Male
2025-10-31,Good Humor Strawberry Shortcake Bar,Northeast,136,2.7,367.2,256.33,110.87,0.3019,<18,Female
2025-10-31,Good Humor Strawberry Shortcake Bar,Northeast,93,2.7,251.1,175.29,75.81,0.3019,<18,Non-binary
2025-10-31,Good Humor Strawberry Shortcake Bar,Northeast,85,2.7,229.5,160.21,69.29,0.3019,<18,Prefer not to say
2025-10-31,Good Humor Strawberry Shortcake Bar,Northeast,55,2.7,148.5,103.66,44.84,0.3019,18-34,Male
2025-10-31,Good Humor Strawberry Shortcake Bar,Northeast,53,2.7,143.1,99.89,43.21,0.3019,18-34,Female
2025-10-31,Good Humor Strawberry Shortcake Bar,Northeast,36,2.7,97.2,67.85,29.35,0.3019,18-34,Non-binary
2025-10-31,Good Humor Strawberry Shortcake Bar,Northeast,33,2.7,89.1,62.2,26.9,0.3019,18-34,Prefer not to say
2025-10-31,Good Humor Strawberry Shortcake Bar,Northeast,29,2.7,78.3,54.66,23.64,0.3019,35-54,Male
2025-10-31,Good Humor Strawberry Shortcake Bar,Northeast,29,2.7,78.3,54.66,23.64,0.3019,35-54,Female
2025-10-31,Good Humor Strawberry Shortcake Bar,Northeast,19,2.7,51.3,35.81,15.49,0.3019,35-54,Non-binary
2025-10-31,Good Humor Strawberry Shortcake Bar,Northeast,18,2.7,48.6,33.93,14.67,0.3019,35-54,Prefer not to say
2025-10-31,Good Humor Strawberry Shortcake Bar,Northeast,118,2.7,318.6,222.4,96.2,0.3019,55+,Male
2025-10-31,Good Humor Strawberry Shortcake Bar,Northeast,115,2.7,310.5,216.75,93.75,0.3019,55+,Female
2025-10-31,Good Humor Strawberry Shortcake Bar,Northeast,78,2.7,210.6,147.01,63.59,0.3019,55+,Non-binary
2025-10-31,Good Humor Strawberry Shortcake Bar,Northeast,71,2.7,191.7,133.82,57.88,0.3019,55+,Prefer not to say
2025-10-31,Good Humor Strawberry Shortcake Bar,Midwest,57,1.9,108.3,85.69,22.61,0.2088,<18,Male
2025-10-31,Good Humor Strawberry Shortcake Bar,Midwest,221,1.9,419.9,332.24,87.66,0.2088,<18,Female
2025-10-31,Good Humor Strawberry Shortcake Bar,Midwest,102,1.9,193.8,153.34,40.46,0.2088,<18,Non-binary
2025-10-31,Good Humor Strawberry Shortcake Bar,Midwest,19,1.9,36.1,28.56,7.54,0.2088,<18,Prefer not to say
2025-10-31,Good Humor Strawberry Shortcake Bar,Midwest,55,1.9,104.5,82.69,21.81,0.2088,18-34,Male
2025-10-31,Good Humor Strawberry Shortcake Bar,Midwest,211,1.9,400.9,317.21,83.69,0.2088,18-34,Female
2025-10-31,Good Humor Strawberry Shortcake Bar,Midwest,97,1.9,184.3,145.83,38.47,0.2088,18-34,Non-binary
2025-10-31,Good Humor Strawberry Shortcake Bar,Midwest,18,1.9,34.2,27.06,7.14,0.2088,18-34,Prefer not to say
2025-10-31,Good Humor Strawberry Shortcake Bar,Midwest,22,1.9,41.8,33.07,8.73,0.2088,35-54,Male
2025-10-31,Good Humor Strawberry Shortcake Bar,Midwest,85,1.9,161.5,127.79,33.71,0.2088,35-54,Female
2025-10-31,Good Humor Strawberry Shortcake Bar,Midwest,39,1.9,74.1,58.63,15.47,0.2088,35-54,Non-binary
2025-10-31,Good Humor Strawberry Shortcake Bar,Midwest,7,1.9,13.3,10.52,2.78,0.2088,35-54,Prefer not to say
2025-10-31,Good Humor Strawberry Shortcake Bar,Midwest,44,1.9,83.6,66.15,17.45,0.2088,55+,Male
2025-10-31,Good Humor Strawberry Shortcake Bar,Midwest,170,1.9,323.0,255.57,67.43,0.2088,55+,Female
2025-10-31,Good Humor Strawberry Shortcake Bar,Midwest,78,1.9,148.2,117.26,30.94,0.2088,55+,Non-binary
2025-10-31,Good Humor Strawberry Shortcake Bar,Midwest,15,1.9,28.5,22.55,5.95,0.2088,55+,Prefer not to say
2025-10-31,Good Humor Strawberry Shortcake Bar,South,94,1.86,174.84,114.5,60.34,0.3451,<18,Male
2025-10-31,Good Humor Strawberry Shortcake Bar,South,13,1.86,24.18,15.83,8.35,0.3451,<18,Female
2025-10-31,Good Humor Strawberry Shortcake Bar,South,21,1.86,39.06,25.58,13.48,0.3451,<18,Non-binary
2025-10-31,Good Humor Strawberry Shortcake Bar,South,20,1.86,37.2,24.36,12.84,0.3451,<18,Prefer not to say
2025-10-31,Good Humor Strawberry Shortcake Bar,South,325,1.86,604.5,395.87,208.63,0.3451,18-34,Male
2025-10-31,Good Humor Strawberry Shortcake Bar,South,44,1.86,81.84,53.59,28.25,0.3451,18-34,Female
2025-10-31,Good Humor Strawberry Shortcake Bar,South,74,1.86,137.64,90.14,47.5,0.3451,18-34,Non-binary
2025-10-31,Good Humor Strawberry Shortcake Bar,South,67,1.86,124.62,81.61,43.01,0.3451,18-34,Prefer not to say
2025-10-31,Good Humor Strawberry Shortcake Bar,South,66,1.86,122.76,80.39,42.37,0.3451,35-54,Male
2025-10-31,Good Humor Strawberry Shortcake Bar,South,9,1.86,16.74,10.96,5.78,0.3451,35-54,Female
2025-10-31,Good Humor Strawberry Shortcake Bar,South,15,1.86,27.9,18.27,9.63,0.3451,35-54,Non-binary
2025-10-31,Good Humor Strawberry Shortcake Bar,South,14,1.86,26.04,17.05,8.99,0.3451,35-54,Prefer not to say
2025-10-31,Good Humor Strawberry Shortcake Bar,South,553,1.86,1028.58,673.58,355.0,0.3451,55+,Male
2025-10-31,Good Humor Strawberry Shortcake Bar,South,75,1.86,139.5,91.35,48.15,0.3451,55+,Female
2025-10-31,Good Humor Strawberry Shortcake Bar,South,126,1.86,234.36,153.47,80.89,0.3451,55+,Non-binary
2025-10-31,Good Humor Strawberry Shortcake Bar,South,115,1.86,213.9,140.08,73.82,0.3451,55+,Prefer not to say
2025-10-31,Good Humor Strawberry Shortcake Bar,West,86,2.95,253.7,184.28,69.42,0.2736,<18,Male
2025-10-31,Good Humor Strawberry Shortcake Bar,West,13,2.95,38.35,27.86,10.49,0.2736,<18,Female
2025-10-31,Good Humor Strawberry Shortcake Bar,West,39,2.95,115.05,83.57,31.48,0.2736,<18,Non-binary
2025-10-31,Good Humor Strawberry Shortcake Bar,West,33,2.95,97.35,70.71,26.64,0.2736,<18,Prefer not to say
2025-10-31,Good Humor Strawberry Shortcake Bar,West,131,2.95,386.45,280.71,105.74,0.2736,18-34,Male
2025-10-31,Good Humor Strawberry Shortcake Bar,West,20,2.95,59.0,42.86,16.14,0.2736,18-34,Female
2025-10-31,Good Humor Strawberry Shortcake Bar,West,60,2.95,177.0,128.57,48.43,0.2736,18-34,Non-binary
2025-10-31,Good Humor Strawberry Shortcake Bar,West,50,2.95,147.5,107.14,40.36,0.2736,18-34,Prefer not to say
2025-10-31,Good Humor Strawberry Shortcake Bar,West,46,2.95,135.7,98.57,37.13,0.2736,35-54,Male
2025-10-31,Good Humor Strawberry Shortcake Bar,West,7,2.95,20.65,15.0,5.65,0.2736,35-54,Female
2025-10-31,Good Humor Strawberry Shortcake Bar,West,21,2.95,61.95,45.0,16.95,0.2736,35-54,Non-binary
2025-10-31,Good Humor Strawberry Shortcake Bar,West,17,2.95,50.15,36.43,13.72,0.2736,35-54,Prefer not to say
2025-10-31,Good Humor Strawberry Shortcake Bar,West,18,2.95,53.1,38.57,14.53,0.2736,55+,Male
2025-10-31,Good Humor Strawberry Shortcake Bar,West,3,2.95,8.85,6.43,2.42,0.2736,55+,Female
2025-10-31,Good Humor Strawberry Shortcake Bar,West,8,2.95,23.6,17.14,6.46,0.2736,55+,Non-binary
2025-10-31,Good Humor Strawberry Shortcake Bar,West,7,2.95,20.65,15.0,5.65,0.2736,55+,Prefer not to say
2025-10-31,Good Humor Chocolate Eclair Bar,Northeast,12,2.63,31.56,25.06,6.5,0.2059,<18,Male
2025-10-31,Good Humor Chocolate Eclair Bar,Northeast,282,2.63,741.66,588.96,152.7,0.2059,<18,Female
2025-10-31,Good Humor Chocolate Eclair Bar,Northeast,83,2.63,218.29,173.35,44.94,0.2059,<18,Non-binary
2025-10-31,Good Humor Chocolate Eclair Bar,Northeast,8,2.63,21.04,16.71,4.33,0.2059,<18,Prefer not to say
2025-10-31,Good Humor Chocolate Eclair Bar,Northeast,11,2.63,28.93,22.97,5.96,0.2059,18-34,Male
2025-10-31,Good Humor Chocolate Eclair Bar,Northeast,265,2.63,696.95,553.46,143.49,0.2059,18-34,Female
2025-10-31,Good Humor Chocolate Eclair Bar,Northeast,78,2.63,205.14,162.91,42.23,0.2059,18-34,Non-binary
2025-10-31,Good Humor Chocolate Eclair Bar,Northeast,7,2.63,18.41,14.62,3.79,0.2059,18-34,Prefer not to say
2025-10-31,Good Humor Chocolate Eclair Bar,Northeast,4,2.63,10.52,8.35,2.17,0.2059,35-54,Male
2025-10-31,Good Humor Chocolate Eclair Bar,Northeast,88,2.63,231.44,183.79,47.65,0.2059,35-54,Female
2025-10-31,Good Humor Chocolate Eclair Bar,Northeast,26,2.63,68.38,54.3,14.08,0.2059,35-54,Non-binary
2025-10-31,Good Humor Chocolate Eclair Bar,Northeast,2,2.63,5.26,4.18,1.08,0.2059,35-54,Prefer not to say
2025-10-31,Good Humor Chocolate Eclair Bar,Northeast,11,2.63,28.93,22.97,5.96,0.2059,55+,Male
2025-10-31,Good Humor Chocolate Eclair Bar,Northeast,254,2.63,668.02,530.49,137.53,0.2059,55+,Female
2025-10-31,Good Humor Chocolate Eclair Bar,Northeast,75,2.63,197.25,156.64,40.61,0.2059,55+,Non-binary
2025-10-31,Good Humor Chocolate Eclair Bar,Northeast,7,2.63,18.41,14.62,3.79,0.2059,55+,Prefer not to say
2025-10-31,Good Humor Chocolate Eclair Bar,Midwest,256,2.08,532.48,388.62,143.86,0.2702,<18,Male
2025-10-31,Good Humor Chocolate Eclair Bar,Midwest,208,2.08,432.64,315.76,116.88,0.2702,<18,Female
2025-10-31,Good Humor Chocolate Eclair Bar,Midwest,35,2.08,72.8,53.13,19.67,0.2702,<18,Non-binary
2025-10-31,Good Humor Chocolate Eclair Bar,Midwest,221,2.08,459.68,335.49,124.19,0.2702,<18,Prefer not to say
2025-10-31,Good Humor Chocolate Eclair Bar,Midwest,167,2.08,347.36,253.52,93.84,0.2702,18-34,Male
2025-10-31,Good Humor Chocolate Eclair Bar,Midwest,136,2.08,282.88,206.46,76.42,0.2702,18-34,Female
2025-10-31,Good Humor Chocolate Eclair Bar,Midwest,23,2.08,47.84,34.92,12.92,0.2702,18-34,Non-binary
2025-10-31,Good Humor Chocolate Eclair Bar,Midwest,145,2.08,301.6,220.12,81.48,0.2702,18-34,Prefer not to say
2025-10-31,Good Humor Chocolate Eclair Bar,Midwest,98,2.08,203.84,148.77,55.07,0.2702,35-54,Male
2025-10-31,Good Humor Chocolate Eclair Bar,Midwest,79,2.08,164.32,119.93,44.39,0.2702,35-54,Female
2025-10-31,Good Humor Chocolate Eclair Bar,Midwest,13,2.08,27.04,19.73,7.31,0.2702,35-54,Non-binary
2025-10-31,Good Humor Chocolate Eclair Bar,Midwest,85,2.08,176.8,129.04,47.76,0.2702,35-54,Prefer not to say
2025-10-31,Good Humor Chocolate Eclair Bar,Midwest,2,2.08,4.16,3.04,1.12,0.2702,55+,Male
2025-10-31,Good Humor Chocolate Eclair Bar,Midwest,2,2.08,4.16,3.04,1.12,0.2702,55+,Female
2025-10-31,Good Humor Chocolate Eclair Bar,Midwest,2,2.08,4.16,3.04,1.12,0.2702,55+,Prefer not to say
2025-10-31,Good Humor Chocolate Eclair Bar,South,14,2.29,32.06,19.87,12.19,0.3802,<18,Male
2025-10-31,Good Humor Chocolate Eclair Bar,South,495,2.29,1133.55,702.62,430.93,0.3802,<18,Female
2025-10-31,Good Humor Chocolate Eclair Bar,South,28,2.29,64.12,39.74,24.38,0.3802,<18,Non-binary
2025-10-31,Good Humor Chocolate Eclair Bar,South,153,2.29,350.37,217.17,133.2,0.3802,<18,Prefer not to say
2025-10-31,Good Humor Chocolate Eclair Bar,South,7,2.29,16.03,9.94,6.09,0.3802,18-34,Male
2025-10-31,Good Humor Chocolate Eclair Bar,South,261,2.29,597.69,370.47,227.22,0.3802,18-34,Female
2025-10-31,Good Humor Chocolate Eclair Bar,South,15,2.29,34.35,21.29,13.06,0.3802,18-34,Non-binary
2025-10-31,Good Humor Chocolate Eclair Bar,South,81,2.29,185.49,114.97,70.52,0.3802,18-34,Prefer not to say
2025-10-31,Good Humor Chocolate Eclair Bar,South,2,2.29,4.58,2.84,1.74,0.3802,35-54,Male
2025-10-31,Good Humor Chocolate Eclair Bar,South,76,2.29,174.04,107.88,66.16,0.3802,35-54,Female
2025-10-31,Good Humor Chocolate Eclair Bar,South,4,2.29,9.16,5.68,3.48,0.3802,35-54,Non-binary
2025-10-31,Good Humor Chocolate Eclair Bar,South,23,2.29,52.67,32.65,20.02,0.3802,35-54,Prefer not to say
2025-10-31,Good Humor Chocolate Eclair Bar,South,1,2.29,2.29,1.42,0.87,0.3802,55+,Male
2025-10-31,Good Humor Chocolate Eclair Bar,South,49,2.29,112.21,69.55,42.66,0.3802,55+,Female
2025-10-31,Good Humor Chocolate Eclair Bar,South,3,2.29,6.87,4.26,2.61,0.3802,55+,Non-binary
2025-10-31,Good Humor Chocolate Eclair Bar,South,15,2.29,34.35,21.29,13.06,0.3802,55+,Prefer not to say
2025-10-31,Good Humor Chocolate Eclair Bar,West,16,2.94,47.04,34.91,12.13,0.2579,<18,Male
2025-10-31,Good Humor Chocolate Eclair Bar,West,51,2.94,149.94,111.27,38.67,0.2579,<18,Female
2025-10-31,Good Humor Chocolate Eclair Bar,West,4,2.94,11.76,8.73,3.03,0.2579,<18,Non-binary
2025-10-31,Good Humor Chocolate Eclair Bar,West,5,2.94,14.7,10.91,3.79,0.2579,<18,Prefer not to say
2025-10-31,Good Humor Chocolate Eclair Bar,West,16,2.94,47.04,34.91,12.13,0.2579,18-34,Male
2025-10-31,Good Humor Chocolate Eclair Bar,West,49,2.94,144.06,106.91,37.15,0.2579,18-34,Female
2025-10-31,Good Humor Chocolate Eclair Bar,West,4,2.94,11.76,8.73,3.03,0.2579,18-34,Non-binary
2025-10-31,Good Humor Chocolate Eclair Bar,West,5,2.94,14.7,10.91,3.79,0.2579,18-34,Prefer not to say
2025-10-31,Good Humor Chocolate Eclair Bar,West,15,2.94,44.1,32.73,11.37,0.2579,35-54,Male
2025-10-31,Good Humor Chocolate Eclair Bar,West,47,2.94,138.18,102.55,35.63,0.2579,35-54,Female
2025-10-31,Good Humor Chocolate Eclair Bar,West,4,2.94,11.76,8.73,3.03,0.2579,35-54,Non-binary
2025-10-31,Good Humor Chocolate Eclair Bar,West,5,2.94,14.7,10.91,3.79,0.2579,35-54,Prefer not to say
2025-10-31,Good Humor Chocolate Eclair Bar,West,110,2.94,323.4,240.0,83.4,0.2579,55+,Male
2025-10-31,Good Humor Chocolate Eclair Bar,West,349,2.94,1026.06,761.47,264.59,0.2579,55+,Female
2025-10-31,Good Humor Chocolate Eclair Bar,West,31,2.94,91.14,67.64,23.5,0.2579,55+,Non-binary
2025-10-31,Good Humor Chocolate Eclair Bar,West,35,2.94,102.9,76.37,26.53,0.2579,55+,Prefer not to say
2025-11-30,Good Humor Classic Bar,Northeast,53,2.77,146.81,110.34,36.47,0.2484,<18,Male
2025-11-30,Good Humor Classic Bar,Northeast,5,2.77,13.85,10.41,3.44,0.2484,<18,Female
2025-11-30,Good Humor Classic Bar,Northeast,96,2.77,265.92,199.86,66.06,0.2484,<18,Non-binary
2025-11-30,Good Humor Classic Bar,Northeast,15,2.77,41.55,31.23,10.32,0.2484,<18,Prefer not to say
2025-11-30,Good Humor Classic Bar,Northeast,36,2.77,99.72,74.95,24.77,0.2484,18-34,Male
2025-11-30,Good Humor Classic Bar,Northeast,3,2.77,8.31,6.25,2.06,0.2484,18-34,Female
2025-11-30,Good Humor Classic Bar,Northeast,65,2.77,180.05,135.32,44.73,0.2484,18-34,Non-binary
2025-11-30,Good Humor Classic Bar,Northeast,10,2.77,27.7,20.82,6.88,0.2484,18-34,Prefer not to say
2025-11-30,Good Humor Classic Bar,Northeast,488,2.77,1351.76,1015.95,335.81,0.2484,35-54,Male
2025-11-30,Good Humor Classic Bar,Northeast,46,2.77,127.42,95.77,31.65,0.2484,35-54,Female
2025-11-30,Good Humor Classic Bar,Northeast,880,2.77,2437.6,1832.04,605.56,0.2484,35-54,Non-binary
2025-11-30,Good Humor Classic Bar,Northeast,138,2.77,382.26,287.3,94.96,0.2484,35-54,Prefer not to say
2025-11-30,Good Humor Classic Bar,Northeast,17,2.77,47.09,35.39,11.7,0.2484,55+,Male
2025-11-30,Good Humor Classic Bar,Northeast,2,2.77,5.54,4.16,1.38,0.2484,55+,Female
2025-11-30,Good Humor Classic Bar,Northeast,30,2.77,83.1,62.46,20.64,0.2484,55+,Non-binary
2025-11-30,Good Humor Classic Bar,Northeast,5,2.77,13.85,10.41,3.44,0.2484,55+,Prefer not to say
2025-11-30,Good Humor Classic Bar,Midwest,38,2.03,77.14,52.91,24.23,0.3141,<18,Male
2025-11-30,Good Humor Classic Bar,Midwest,1,2.03,2.03,1.39,0.64,0.3141,<18,Female
2025-11-30,Good Humor Classic Bar,Midwest,17,2.03,34.51,23.67,10.84,0.3141,<18,Non-binary
2025-11-30,Good Humor Classic Bar,Midwest,239,2.03,485.17,332.75,152.42,0.3141,<18,Prefer not to say
2025-11-30,Good Humor Classic Bar,Midwest,126,2.03,255.78,175.43,80.35,0.3141,18-34,Male
2025-11-30,Good Humor Classic Bar,Midwest,4,2.03,8.12,5.57,2.55,0.3141,18-34,Female
2025-11-30,Good Humor Classic Bar,Midwest,58,2.03,117.74,80.75,36.99,0.3141,18-34,Non-binary
2025-11-30,Good Humor Classic Bar,Midwest,797,2.03,1617.91,1109.64,508.27,0.3141,18-34,Prefer not to say
2025-11-30,Good Humor Classic Bar,Midwest,3,2.03,6.09,4.18,1.91,0.3141,35-54,Male
2025-11-30,Good Humor Classic Bar,Midwest,2,2.03,4.06,2.78,1.28,0.3141,35-54,Non-binary
2025-11-30,Good Humor Classic Bar,Midwest,21,2.03,42.63,29.24,13.39,0.3141,35-54,Prefer not to say
2025-11-30,Good Humor Classic Bar,Midwest,82,2.03,166.46,114.17,52.29,0.3141,55+,Male
2025-11-30,Good Humor Classic Bar,Midwest,3,2.03,6.09,4.18,1.91,0.3141,55+,Female
2025-11-30,Good Humor Classic Bar,Midwest,37,2.03,75.11,51.51,23.6,0.3141,55+,Non-binary
2025-11-30,Good Humor Classic Bar,Midwest,517,2.03,1049.51,719.81,329.7,0.3141,55+,Prefer not to say
2025-11-30,Good Humor Classic Bar,South,68,2.09,142.12,99.86,42.26,0.2973,<18,Male
2025-11-30,Good Humor Classic Bar,South,30,2.09,62.7,44.06,18.64,0.2973,<18,Non-binary
2025-11-30,Good Humor Classic Bar,South,69,2.09,144.21,101.33,42.88,0.2973,<18,Prefer not to say
2025-11-30,Good Humor Classic Bar,South,51,2.09,106.59,74.9,31.69,0.2973,18-34,Male
2025-11-30,Good Humor Classic Bar,South,23,2.09,48.07,33.78,14.29,0.2973,18-34,Non-binary
2025-11-30,Good Humor Classic Bar,South,51,2.09,106.59,74.9,31.69,0.2973,18-34,Prefer not to say
2025-11-30,Good Humor Classic Bar,South,223,2.09,466.07,327.49,138.58,0.2973,35-54,Male
2025-11-30,Good Humor Classic Bar,South,100,2.09,209.0,146.86,62.14,0.2973,35-54,Non-binary
2025-11-30,Good Humor Classic Bar,South,224,2.09,468.16,328.96,139.2,0.2973,35-54,Prefer not to say
2025-11-30,Good Humor Classic Bar,South,432,2.09,902.88,634.42,268.46,0.2973,55+,Male
2025-11-30,Good Humor Classic Bar,South,1,2.09,2.09,1.47,0.62,0.2973,55+,Female
2025-11-30,Good Humor Classic Bar,South,193,2.09,403.37,283.43,119.94,0.2973,55+,Non-binary
2025-11-30,Good Humor Classic Bar,South,433,2.09,904.97,635.89,269.08,0.2973,55+,Prefer not to say
2025-11-30,Good Humor Classic Bar,West,31,2.62,81.22,61.4,19.82,0.244,<18,Male
2025-11-30,Good Humor Classic Bar,West,3,2.62,7.86,5.94,1.92,0.244,<18,Female
2025-11-30,Good Humor Classic Bar,West,4,2.62,10.48,7.92,2.56,0.244,<18,Non-binary
2025-11-30,Good Humor Classic Bar,West,2,2.62,5.24,3.96,1.28,0.244,<18,Prefer not to say
2025-11-30,Good Humor Classic Bar,West,5,2.62,13.1,9.9,3.2,0.244,18-34,Male
2025-11-30,Good Humor Classic Bar,West,1,2.62,2.62,1.98,0.64,0.244,18-34,Non-binary
2025-11-30,Good Humor Classic Bar,West,538,2.62,1409.56,1065.59,343.97,0.244,35-54,Male
2025-11-30,Good Humor Classic Bar,West,53,2.62,138.86,104.97,33.89,0.244,35-54,Female
2025-11-30,Good Humor Classic Bar,West,67,2.62,175.54,132.7,42.84,0.244,35-54,Non-binary
2025-11-30,Good Humor Classic Bar,West,38,2.62,99.56,75.26,24.3,0.244,35-54,Prefer not to say
2025-11-30,Good Humor Classic Bar,West,199,2.62,521.38,394.15,127.23,0.244,55+,Male
2025-11-30,Good Humor Classic Bar,West,20,2.62,52.4,39.61,12.79,0.244,55+,Female
2025-11-30,Good Humor Classic Bar,West,25,2.62,65.5,49.52,15.98,0.244,55+,Non-binary
2025-11-30,Good Humor Classic Bar,West,14,2.62,36.68,27.73,8.95,0.244,55+,Prefer not to say
2025-11-30,Good Humor Strawberry Shortcake Bar,Northeast,1,2.14,2.14,1.6,0.54,0.2524,<18,Male
2025-11-30,Good Humor Strawberry Shortcake Bar,Northeast,27,2.14,57.78,43.2,14.58,0.2524,<18,Female
2025-11-30,Good Humor Strawberry Shortcake Bar,Northeast,18,2.14,38.52,28.8,9.72,0.2524,<18,Non-binary
2025-11-30,Good Humor Strawberry Shortcake Bar,Northeast,4,2.14,8.56,6.4,2.16,0.2524,<18,Prefer not to say
2025-11-30,Good Humor Strawberry Shortcake Bar,Northeast,1,2.14,2.14,1.6,0.54,0.2524,18-34,Male
2025-11-30,Good Humor Strawberry Shortcake Bar,Northeast,47,2.14,100.58,75.2,25.38,0.2524,18-34,Female
2025-11-30,Good Humor Strawberry Shortcake Bar,Northeast,31,2.14,66.34,49.6,16.74,0.2524,18-34,Non-binary
2025-11-30,Good Humor Strawberry Shortcake Bar,Northeast,8,2.14,17.12,12.8,4.32,0.2524,18-34,Prefer not to say
2025-11-30,Good Humor Strawberry Shortcake Bar,Northeast,3,2.14,6.42,4.8,1.62,0.2524,35-54,Male
2025-11-30,Good Humor Strawberry Shortcake Bar,Northeast,131,2.14,280.34,209.59,70.75,0.2524,35-54,Female
2025-11-30,Good Humor Strawberry Shortcake Bar,Northeast,86,2.14,184.04,137.59,46.45,0.2524,35-54,Non-binary
2025-11-30,Good Humor Strawberry Shortcake Bar,Northeast,22,2.14,47.08,35.2,11.88,0.2524,35-54,Prefer not to say
2025-11-30,Good Humor Strawberry Shortcake Bar,Northeast,3,2.14,6.42,4.8,1.62,0.2524,55+,Male
2025-11-30,Good Humor Strawberry Shortcake Bar,Northeast,115,2.14,246.1,183.99,62.11,0.2524,55+,Female
2025-11-30,Good Humor Strawberry Shortcake Bar,Northeast,76,2.14,162.64,121.59,41.05,0.2524,55+,Non-binary
2025-11-30,Good Humor Strawberry Shortcake Bar,Northeast,19,2.14,40.66,30.4,10.26,0.2524,55+,Prefer not to say
2025-11-30,Good Humor Strawberry Shortcake Bar,Midwest,48,1.7,81.6,53.98,27.62,0.3384,<18,Male
2025-11-30,Good Humor Strawberry Shortcake Bar,Midwest,184,1.7,312.8,206.94,105.86,0.3384,<18,Female
2025-11-30,Good Humor Strawberry Shortcake Bar,Midwest,38,1.7,64.6,42.74,21.86,0.3384,<18,Non-binary
2025-11-30,Good Humor Strawberry Shortcake Bar,Midwest,144,1.7,244.8,161.95,82.85,0.3384,<18,Prefer not to say
2025-11-30,Good Humor Strawberry Shortcake Bar,Midwest,56,1.7,95.2,62.98,32.22,0.3384,18-34,Male
2025-11-30,Good Humor Strawberry Shortcake Bar,Midwest,217,1.7,368.9,244.05,124.85,0.3384,18-34,Female
2025-11-30,Good Humor Strawberry Shortcake Bar,Midwest,45,1.7,76.5,50.61,25.89,0.3384,18-34,Non-binary
2025-11-30,Good Humor Strawberry Shortcake Bar,Midwest,170,1.7,289.0,191.19,97.81,0.3384,18-34,Prefer not to say
2025-11-30,Good Humor Strawberry Shortcake Bar,Midwest,3,1.7,5.1,3.37,1.73,0.3384,35-54,Male
2025-11-30,Good Humor Strawberry Shortcake Bar,Midwest,11,1.7,18.7,12.37,6.33,0.3384,35-54,Female
2025-11-30,Good Humor Strawberry Shortcake Bar,Midwest,2,1.7,3.4,2.25,1.15,0.3384,35-54,Non-binary
2025-11-30,Good Humor Strawberry Shortcake Bar,Midwest,8,1.7,13.6,9.0,4.6,0.3384,35-54,Prefer not to say
2025-11-30,Good Humor Strawberry Shortcake Bar,Midwest,33,1.7,56.1,37.11,18.99,0.3384,55+,Male
2025-11-30,Good Humor Strawberry Shortcake Bar,Midwest,126,1.7,214.2,141.71,72.49,0.3384,55+,Female
2025-11-30,Good Humor Strawberry Shortcake Bar,Midwest,26,1.7,44.2,29.24,14.96,0.3384,55+,Non-binary
2025-11-30,Good Humor Strawberry Shortcake Bar,Midwest,98,1.7,166.6,110.22,56.38,0.3384,55+,Prefer not to say
2025-11-30,Good Humor Strawberry Shortcake Bar,South,24,2.26,54.24,34.58,19.66,0.3625,<18,Male
2025-11-30,Good Humor Strawberry Shortcake Bar,South,31,2.26,70.06,44.67,25.39,0.3625,<18,Female
2025-11-30,Good Humor Strawberry Shortcake Bar,South,50,2.26,113.0,72.04,40.96,0.3625,<18,Non-binary
2025-11-30,Good Humor Strawberry Shortcake Bar,South,18,2.26,40.68,25.94,14.74,0.3625,<18,Prefer not to say
2025-11-30,Good Humor Strawberry Shortcake Bar,South,95,2.26,214.7,136.88,77.82,0.3625,18-34,Male
2025-11-30,Good Humor Strawberry Shortcake Bar,South,124,2.26,280.24,178.67,101.57,0.3625,18-34,Female
2025-11-30,Good Humor Strawberry Shortcake Bar,South,197,2.26,445.22,283.85,161.37,0.3625,18-34,Non-binary
2025-11-30,Good Humor Strawberry Shortcake Bar,South,72,2.26,162.72,103.74,58.98,0.3625,18-34,Prefer not to say
2025-11-30,Good Humor Strawberry Shortcake Bar,South,11,2.26,24.86,15.85,9.01,0.3625,35-54,Male
2025-11-30,Good Humor Strawberry Shortcake Bar,South,15,2.26,33.9,21.61,12.29,0.3625,35-54,Female
2025-11-30,Good Humor Strawberry Shortcake Bar,South,24,2.26,54.24,34.58,19.66,0.3625,35-54,Non-binary
2025-11-30,Good Humor Strawberry Shortcake Bar,South,9,2.26,20.34,12.97,7.37,0.3625,35-54,Prefer not to say
2025-11-30,Good Humor Strawberry Shortcake Bar,South,25,2.26,56.5,36.02,20.48,0.3625,55+,Male
2025-11-30,Good Humor Strawberry Shortcake Bar,South,32,2.26,72.32,46.11,26.21,0.3625,55+,Female
2025-11-30,Good Humor Strawberry Shortcake Bar,South,52,2.26,117.52,74.92,42.6,0.3625,55+,Non-binary
2025-11-30,Good Humor Strawberry Shortcake Bar,South,19,2.26,42.94,27.38,15.56,0.3625,55+,Prefer not to say
2025-11-30,Good Humor Strawberry Shortcake Bar,West,1,1.64,1.64,1.09,0.55,0.3352,<18,Male
2025-11-30,Good Humor Strawberry Shortcake Bar,West,2,1.64,3.28,2.18,1.1,0.3352,<18,Female
2025-11-30,Good Humor Strawberry Shortcake Bar,West,2,1.64,3.28,2.18,1.1,0.3352,<18,Non-binary
2025-11-30,Good Humor Strawberry Shortcake Bar,West,22,1.64,36.08,23.99,12.09,0.3352,18-34,Male
2025-11-30,Good Humor Strawberry Shortcake Bar,West,74,1.64,121.36,80.69,40.67,0.3352,18-34,Female
2025-11-30,Good Humor Strawberry Shortcake Bar,West,49,1.64,80.36,53.43,26.93,0.3352,18-34,Non-binary
2025-11-30,Good Humor Strawberry Shortcake Bar,West,5,1.64,8.2,5.45,2.75,0.3352,18-34,Prefer not to say
2025-11-30,Good Humor Strawberry Shortcake Bar,West,129,1.64,211.56,140.66,70.9,0.3352,35-54,Male
2025-11-30,Good Humor Strawberry Shortcake Bar,West,434,1.64,711.76,473.21,238.55,0.3352,35-54,Female
2025-11-30,Good Humor Strawberry Shortcake Bar,West,287,1.64,470.68,312.93,157.75,0.3352,35-54,Non-binary
2025-11-30,Good Humor Strawberry Shortcake Bar,West,32,1.64,52.48,34.89,17.59,0.3352,35-54,Prefer not to say
2025-11-30,Good Humor Strawberry Shortcake Bar,West,29,1.64,47.56,31.62,15.94,0.3352,55+,Male
2025-11-30,Good Humor Strawberry Shortcake Bar,West,97,1.64,159.08,105.76,53.32,0.3352,55+,Female
2025-11-30,Good Humor Strawberry Shortcake Bar,West,64,1.64,104.96,69.78,35.18,0.3352,55+,Non-binary
2025-11-30,Good Humor Strawberry Shortcake Bar,West,7,1.64,11.48,7.63,3.85,0.3352,55+,Prefer not to say
2025-11-30,Good Humor Chocolate Eclair Bar,Northeast,174,1.93,335.82,230.08,105.74,0.3149,<18,Male
2025-11-30,Good Humor Chocolate Eclair Bar,Northeast,50,1.93,96.5,66.11,30.39,0.3149,<18,Female
2025-11-30,Good Humor Chocolate Eclair Bar,Northeast,168,1.93,324.24,222.14,102.1,0.3149,<18,Non-binary
2025-11-30,Good Humor Chocolate Eclair Bar,Northeast,323,1.93,623.39,427.09,196.3,0.3149,<18,Prefer not to say
2025-11-30,Good Humor Chocolate Eclair Bar,Northeast,7,1.93,13.51,9.26,4.25,0.3149,18-34,Male
2025-11-30,Good Humor Chocolate Eclair Bar,Northeast,2,1.93,3.86,2.64,1.22,0.3149,18-34,Female
2025-11-30,Good Humor Chocolate Eclair Bar,Northeast,7,1.93,13.51,9.26,4.25,0.3149,18-34,Non-binary
2025-11-30,Good Humor Chocolate Eclair Bar,Northeast,13,1.93,25.09,17.19,7.9,0.3149,18-34,Prefer not to say
2025-11-30,Good Humor Chocolate Eclair Bar,Northeast,30,1.93,57.9,39.67,18.23,0.3149,35-54,Male
2025-11-30,Good Humor Chocolate Eclair Bar,Northeast,9,1.93,17.37,11.9,5.47,0.3149,35-54,Female
2025-11-30,Good Humor Chocolate Eclair Bar,Northeast,29,1.93,55.97,38.35,17.62,0.3149,35-54,Non-binary
2025-11-30,Good Humor Chocolate Eclair Bar,Northeast,56,1.93,108.08,74.05,34.03,0.3149,35-54,Prefer not to say
2025-11-30,Good Humor Chocolate Eclair Bar,Northeast,177,1.93,341.61,234.04,107.57,0.3149,55+,Male
2025-11-30,Good Humor Chocolate Eclair Bar,Northeast,51,1.93,98.43,67.44,30.99,0.3149,55+,Female
2025-11-30,Good Humor Chocolate Eclair Bar,Northeast,170,1.93,328.1,224.79,103.31,0.3149,55+,Non-binary
2025-11-30,Good Humor Chocolate Eclair Bar,Northeast,327,1.93,631.11,432.38,198.73,0.3149,55+,Prefer not to say
2025-11-30,Good Humor Chocolate Eclair Bar,Midwest,166,1.98,328.68,227.91,100.77,0.3066,<18,Male
2025-11-30,Good Humor Chocolate Eclair Bar,Midwest,30,1.98,59.4,41.19,18.21,0.3066,<18,Female
2025-11-30,Good Humor Chocolate Eclair Bar,Midwest,25,1.98,49.5,34.32,15.18,0.3066,<18,Non-binary
2025-11-30,Good Humor Chocolate Eclair Bar,Midwest,158,1.98,312.84,216.93,95.91,0.3066,<18,Prefer not to say
2025-11-30,Good Humor Chocolate Eclair Bar,Midwest,1,1.98,1.98,1.37,0.61,0.3066,18-34,Male
2025-11-30,Good Humor Chocolate Eclair Bar,Midwest,1,1.98,1.98,1.37,0.61,0.3066,18-34,Prefer not to say
2025-11-30,Good Humor Chocolate Eclair Bar,Midwest,185,1.98,366.3,254.0,112.3,0.3066,35-54,Male
2025-11-30,Good Humor Chocolate Eclair Bar,Midwest,34,1.98,67.32,46.68,20.64,0.3066,35-54,Female
2025-11-30,Good Humor Chocolate Eclair Bar,Midwest,27,1.98,53.46,37.07,16.39,0.3066,35-54,Non-binary
2025-11-30,Good Humor Chocolate Eclair Bar,Midwest,176,1.98,348.48,241.64,106.84,0.3066,35-54,Prefer not to say
2025-11-30,Good Humor Chocolate Eclair Bar,Midwest,55,1.98,108.9,75.51,33.39,0.3066,55+,Male
2025-11-30,Good Humor Chocolate Eclair Bar,Midwest,10,1.98,19.8,13.73,6.07,0.3066,55+,Female
2025-11-30,Good Humor Chocolate Eclair Bar,Midwest,8,1.98,15.84,10.98,4.86,0.3066,55+,Non-binary
2025-11-30,Good Humor Chocolate Eclair Bar,Midwest,52,1.98,102.96,71.39,31.57,0.3066,55+,Prefer not to say
2025-11-30,Good Humor Chocolate Eclair Bar,South,126,2.94,370.44,272.56,97.88,0.2642,<18,Male
2025-11-30,Good Humor Chocolate Eclair Bar,South,1,2.94,2.94,2.16,0.78,0.2642,<18,Female
2025-11-30,Good Humor Chocolate Eclair Bar,South,74,2.94,217.56,160.08,57.48,0.2642,<18,Non-binary
2025-11-30,Good Humor Chocolate Eclair Bar,South,21,2.94,61.74,45.43,16.31,0.2642,<18,Prefer not to say
2025-11-30,Good Humor Chocolate Eclair Bar,South,112,2.94,329.28,242.28,87.0,0.2642,18-34,Male
2025-11-30,Good Humor Chocolate Eclair Bar,South,1,2.94,2.94,2.16,0.78,0.2642,18-34,Female
2025-11-30,Good Humor Chocolate Eclair Bar,South,66,2.94,194.04,142.77,51.27,0.2642,18-34,Non-binary
2025-11-30,Good Humor Chocolate Eclair Bar,South,19,2.94,55.86,41.1,14.76,0.2642,18-34,Prefer not to say
2025-11-30,Good Humor Chocolate Eclair Bar,South,396,2.94,1164.24,856.62,307.62,0.2642,35-54,Male
2025-11-30,Good Humor Chocolate Eclair Bar,South,4,2.94,11.76,8.65,3.11,0.2642,35-54,Female
2025-11-30,Good Humor Chocolate Eclair Bar,South,233,2.94,685.02,504.02,181.0,0.2642,35-54,Non-binary
2025-11-30,Good Humor Chocolate Eclair Bar,South,66,2.94,194.04,142.77,51.27,0.2642,35-54,Prefer not to say
2025-11-30,Good Humor Chocolate Eclair Bar,South,51,2.94,149.94,110.32,39.62,0.2642,55+,Male
2025-11-30,Good Humor Chocolate Eclair Bar,South,30,2.94,88.2,64.9,23.3,0.2642,55+,Non-binary
2025-11-30,Good Humor Chocolate Eclair Bar,South,9,2.94,26.46,19.47,6.99,0.2642,55+,Prefer not to say
2025-11-30,Good Humor Chocolate Eclair Bar,West,16,2.94,47.04,35.8,11.24,0.2389,<18,Male
2025-11-30,Good Humor Chocolate Eclair Bar,West,8,2.94,23.52,17.9,5.62,0.2389,<18,Female
2025-11-30,Good Humor Chocolate Eclair Bar,West,64,2.94,188.16,143.2,44.96,0.2389,<18,Non-binary
2025-11-30,Good Humor Chocolate Eclair Bar,West,131,2.94,385.14,293.11,92.03,0.2389,<18,Prefer not to say
2025-11-30,Good Humor Chocolate Eclair Bar,West,34,2.94,99.96,76.07,23.89,0.2389,18-34,Male
2025-11-30,Good Humor Chocolate Eclair Bar,West,16,2.94,47.04,35.8,11.24,0.2389,18-34,Female
2025-11-30,Good Humor Chocolate Eclair Bar,West,138,2.94,405.72,308.77,96.95,0.2389,18-34,Non-binary
2025-11-30,Good Humor Chocolate Eclair Bar,West,282,2.94,829.08,630.97,198.11,0.2389,18-34,Prefer not to say
2025-11-30,Good Humor Chocolate Eclair Bar,West,28,2.94,82.32,62.65,19.67,0.2389,35-54,Male
2025-11-30,Good Humor Chocolate Eclair Bar,West,13,2.94,38.22,29.09,9.13,0.2389,35-54,Female
2025-11-30,Good Humor Chocolate Eclair Bar,West,114,2.94,335.16,255.07,80.09,0.2389,35-54,Non-binary
2025-11-30,Good Humor Chocolate Eclair Bar,West,233,2.94,685.02,521.34,163.68,0.2389,35-54,Prefer not to say
2025-11-30,Good Humor Chocolate Eclair Bar,West,21,2.94,61.74,46.99,14.75,0.2389,55+,Male
2025-11-30,Good Humor Chocolate Eclair Bar,West,10,2.94,29.4,22.37,7.03,0.2389,55+,Female
2025-11-30,Good Humor Chocolate Eclair Bar,West,86,2.94,252.84,192.42,60.42,0.2389,55+,Non-binary
2025-11-30,Good Humor Chocolate Eclair Bar,West,176,2.94,517.44,393.8,123.64,0.2389,55+,Prefer not to say
2025-12-31,Good Humor Classic Bar,Northeast,52,2.93,152.36,115.04,37.32,0.245,<18,Male
2025-12-31,Good Humor Classic Bar,Northeast,12,2.93,35.16,26.55,8.61,0.245,<18,Female
2025-12-31,Good Humor Classic Bar,Northeast,47,2.93,137.71,103.98,33.73,0.245,<18,Non-binary
2025-12-31,Good Humor Classic Bar,Northeast,208,2.93,609.44,460.15,149.29,0.245,<18,Prefer not to say
2025-12-31,Good Humor Classic Bar,Northeast,109,2.93,319.37,241.14,78.23,0.245,18-34,Male
2025-12-31,Good Humor Classic Bar,Northeast,26,2.93,76.18,57.52,18.66,0.245,18-34,Female
2025-12-31,Good Humor Classic Bar,Northeast,99,2.93,290.07,219.02,71.05,0.245,18-34,Non-binary
2025-12-31,Good Humor Classic Bar,Northeast,436,2.93,1277.48,964.55,312.93,0.245,18-34,Prefer not to say
2025-12-31,Good Humor Classic Bar,Northeast,144,2.93,421.92,318.57,103.35,0.245,35-54,Male
2025-12-31,Good Humor Classic Bar,Northeast,34,2.93,99.62,75.22,24.4,0.245,35-54,Female
2025-12-31,Good Humor Classic Bar,Northeast,130,2.93,380.9,287.6,93.3,0.245,35-54,Non-binary
2025-12-31,Good Humor Classic Bar,Northeast,576,2.93,1687.68,1274.27,413.41,0.245,35-54,Prefer not to say
2025-12-31,Good Humor Classic Bar,Northeast,15,2.93,43.95,33.18,10.77,0.245,55+,Male
2025-12-31,Good Humor Classic Bar,Northeast,3,2.93,8.79,6.64,2.15,0.245,55+,Female
2025-12-31,Good Humor Classic Bar,Northeast,13,2.93,38.09,28.76,9.33,0.245,55+,Non-binary
2025-12-31,Good Humor Classic Bar,Northeast,59,2.93,172.87,130.52,42.35,0.245,55+,Prefer not to say
2025-12-31,Good Humor Classic Bar,Midwest,50,2.01,100.5,64.4,36.1,0.3592,<18,Male
2025-12-31,Good Humor Classic Bar,Midwest,1,2.01,2.01,1.29,0.72,0.3592,<18,Female
2025-12-31,Good Humor Classic Bar,Midwest,12,2.01,24.12,15.46,8.66,0.3592,<18,Non-binary
2025-12-31,Good Humor Classic Bar,Midwest,1,2.01,2.01,1.29,0.72,0.3592,<18,Prefer not to say
2025-12-31,Good Humor Classic Bar,Midwest,65,2.01,130.65,83.72,46.93,0.3592,18-34,Male
2025-12-31,Good Humor Classic Bar,Midwest,1,2.01,2.01,1.29,0.72,0.3592,18-34,Female
2025-12-31,Good Humor Classic Bar,Midwest,15,2.01,30.15,19.32,10.83,0.3592,18-34,Non-binary
2025-12-31,Good Humor Classic Bar,Midwest,1,2.01,2.01,1.29,0.72,0.3592,18-34,Prefer not to say
2025-12-31,Good Humor Classic Bar,Midwest,384,2.01,771.84,494.58,277.26,0.3592,35-54,Male
2025-12-31,Good Humor Classic Bar,Midwest,8,2.01,16.08,10.3,5.78,0.3592,35-54,Female
2025-12-31,Good Humor Classic Bar,Midwest,89,2.01,178.89,114.63,64.26,0.3592,35-54,Non-binary
2025-12-31,Good Humor Classic Bar,Midwest,7,2.01,14.07,9.02,5.05,0.3592,35-54,Prefer not to say
2025-12-31,Good Humor Classic Bar,Midwest,72,2.01,144.72,92.73,51.99,0.3592,55+,Male
2025-12-31,Good Humor Classic Bar,Midwest,1,2.01,2.01,1.29,0.72,0.3592,55+,Female
2025-12-31,Good Humor Classic Bar,Midwest,16,2.01,32.16,20.61,11.55,0.3592,55+,Non-binary
2025-12-31,Good Humor Classic Bar,Midwest,1,2.01,2.01,1.29,0.72,0.3592,55+,Prefer not to say
2025-12-31,Good Humor Classic Bar,South,210,2.75,577.5,363.64,213.86,0.3703,<18,Male
2025-12-31,Good Humor Classic Bar,South,93,2.75,255.75,161.04,94.71,0.3703,<18,Female
2025-12-31,Good Humor Classic Bar,South,18,2.75,49.5,31.17,18.33,0.3703,<18,Non-binary
2025-12-31,Good Humor Classic Bar,South,93,2.75,255.75,161.04,94.71,0.3703,<18,Prefer not to say
2025-12-31,Good Humor Classic Bar,South,240,2.75,660.0,415.59,244.41,0.3703,18-34,Male
2025-12-31,Good Humor Classic Bar,South,106,2.75,291.5,183.55,107.95,0.3703,18-34,Female
2025-12-31,Good Humor Classic Bar,South,20,2.75,55.0,34.63,20.37,0.3703,18-34,Non-binary
2025-12-31,Good Humor Classic Bar,South,107,2.75,294.25,185.29,108.96,0.3703,18-34,Prefer not to say
2025-12-31,Good Humor Classic Bar,South,423,2.75,1163.25,732.48,430.77,0.3703,35-54,Male
2025-12-31,Good Humor Classic Bar,South,187,2.75,514.25,323.82,190.43,0.3703,35-54,Female
2025-12-31,Good Humor Classic Bar,South,36,2.75,99.0,62.34,36.66,0.3703,35-54,Non-binary
2025-12-31,Good Humor Classic Bar,South,188,2.75,517.0,325.55,191.45,0.3703,35-54,Prefer not to say
2025-12-31,Good Humor Classic Bar,South,5,2.75,13.75,8.66,5.09,0.3703,55+,Male
2025-12-31,Good Humor Classic Bar,South,2,2.75,5.5,3.46,2.04,0.3703,55+,Female
2025-12-31,Good Humor Classic Bar,South,2,2.75,5.5,3.46,2.04,0.3703,55+,Prefer not to say
2025-12-31,Good Humor Classic Bar,West,4,1.63,6.52,4.72,1.8,0.2762,<18,Male
2025-12-31,Good Humor Classic Bar,West,7,1.63,11.41,8.26,3.15,0.2762,<18,Female
2025-12-31,Good Humor Classic Bar,West,12,1.63,19.56,14.16,5.4,0.2762,<18,Non-binary
2025-12-31,Good Humor Classic Bar,West,16,1.63,26.08,18.88,7.2,0.2762,<18,Prefer not to say
2025-12-31,Good Humor Classic Bar,West,40,1.63,65.2,47.19,18.01,0.2762,18-34,Male
2025-12-31,Good Humor Classic Bar,West,81,1.63,132.03,95.56,36.47,0.2762,18-34,Female
2025-12-31,Good Humor Classic Bar,West,133,1.63,216.79,156.91,59.88,0.2762,18-34,Non-binary
2025-12-31,Good Humor Classic Bar,West,178,1.63,290.14,210.0,80.14,0.2762,18-34,Prefer not to say
2025-12-31,Good Humor Classic Bar,West,25,1.63,40.75,29.49,11.26,0.2762,35-54,Male
2025-12-31,Good Humor Classic Bar,West,50,1.63,81.5,58.99,22.51,0.2762,35-54,Female
2025-12-31,Good Humor Classic Bar,West,82,1.63,133.66,96.74,36.92,0.2762,35-54,Non-binary
2025-12-31,Good Humor Classic Bar,West,110,1.63,179.3,129.78,49.52,0.2762,35-54,Prefer not to say
2025-12-31,Good Humor Classic Bar,West,52,1.63,84.76,61.35,23.41,0.2762,55+,Male
2025-12-31,Good Humor Classic Bar,West,104,1.63,169.52,122.7,46.82,0.2762,55+,Female
2025-12-31,Good Humor Classic Bar,West,171,1.63,278.73,201.74,76.99,0.2762,55+,Non-binary
2025-12-31,Good Humor Classic Bar,West,229,1.63,373.27,270.17,103.1,0.2762,55+,Prefer not to say
2025-12-31,Good Humor Strawberry Shortcake Bar,Northeast,99,2.29,226.71,162.6,64.11,0.2828,<18,Male
2025-12-31,Good Humor Strawberry Shortcake Bar,Northeast,23,2.29,52.67,37.78,14.89,0.2828,<18,Female
2025-12-31,Good Humor Strawberry Shortcake Bar,Northeast,84,2.29,192.36,137.96,54.4,0.2828,<18,Non-binary
2025-12-31,Good Humor Strawberry Shortcake Bar,Northeast,16,2.29,36.64,26.28,10.36,0.2828,<18,Prefer not to say
2025-12-31,Good Humor Strawberry Shortcake Bar,Northeast,163,2.29,373.27,267.71,105.56,0.2828,18-34,Male
2025-12-31,Good Humor Strawberry Shortcake Bar,Northeast,38,2.29,87.02,62.41,24.61,0.2828,18-34,Female
2025-12-31,Good Humor Strawberry Shortcake Bar,Northeast,138,2.29,316.02,226.65,89.37,0.2828,18-34,Non-binary
2025-12-31,Good Humor Strawberry Shortcake Bar,Northeast,27,2.29,61.83,44.34,17.49,0.2828,18-34,Prefer not to say
2025-12-31,Good Humor Strawberry Shortcake Bar,Northeast,72,2.29,164.88,118.25,46.63,0.2828,35-54,Male
2025-12-31,Good Humor Strawberry Shortcake Bar,Northeast,17,2.29,38.93,27.92,11.01,0.2828,35-54,Female
2025-12-31,Good Humor Strawberry Shortcake Bar,Northeast,61,2.29,139.69,100.19,39.5,0.2828,35-54,Non-binary
2025-12-31,Good Humor Strawberry Shortcake Bar,Northeast,12,2.29,27.48,19.71,7.77,0.2828,35-54,Prefer not to say
2025-12-31,Good Humor Strawberry Shortcake Bar,Northeast,102,2.29,233.58,167.53,66.05,0.2828,55+,Male
2025-12-31,Good Humor Strawberry Shortcake Bar,Northeast,24,2.29,54.96,39.42,15.54,0.2828,55+,Female
2025-12-31,Good Humor Strawberry Shortcake Bar,Northeast,86,2.29,196.94,141.25,55.69,0.2828,55+,Non-binary
2025-12-31,Good Humor Strawberry Shortcake Bar,Northeast,17,2.29,38.93,27.92,11.01,0.2828,55+,Prefer not to say
2025-12-31,Good Humor Strawberry Shortcake Bar,Midwest,6,2.54,15.24,10.17,5.07,0.3329,<18,Male
2025-12-31,Good Humor Strawberry Shortcake Bar,Midwest,4,2.54,10.16,6.78,3.38,0.3329,<18,Female
2025-12-31,Good Humor Strawberry Shortcake Bar,Midwest,45,2.54,114.3,76.25,38.05,0.3329,<18,Non-binary
2025-12-31,Good Humor Strawberry Shortcake Bar,Midwest,9,2.54,22.86,15.25,7.61,0.3329,<18,Prefer not to say
2025-12-31,Good Humor Strawberry Shortcake Bar,Midwest,26,2.54,66.04,44.05,21.99,0.3329,18-34,Male
2025-12-31,Good Humor Strawberry Shortcake Bar,Midwest,14,2.54,35.56,23.72,11.84,0.3329,18-34,Female
2025-12-31,Good Humor Strawberry Shortcake Bar,Midwest,183,2.54,464.82,310.08,154.74,0.3329,18-34,Non-binary
2025-12-31,Good Humor Strawberry Shortcake Bar,Midwest,37,2.54,93.98,62.69,31.29,0.3329,18-34,Prefer not to say
2025-12-31,Good Humor Strawberry Shortcake Bar,Midwest,17,2.54,43.18,28.8,14.38,0.3329,35-54,Male
2025-12-31,Good Humor Strawberry Shortcake Bar,Midwest,9,2.54,22.86,15.25,7.61,0.3329,35-54,Female
2025-12-31,Good Humor Strawberry Shortcake Bar,Midwest,116,2.54,294.64,196.55,98.09,0.3329,35-54,Non-binary
2025-12-31,Good Humor Strawberry Shortcake Bar,Midwest,24,2.54,60.96,40.67,20.29,0.3329,35-54,Prefer not to say
2025-12-31,Good Humor Strawberry Shortcake Bar,Midwest,46,2.54,116.84,77.94,38.9,0.3329,55+,Male
2025-12-31,Good Humor Strawberry Shortcake Bar,Midwest,25,2.54,63.5,42.36,21.14,0.3329,55+,Female
2025-12-31,Good Humor Strawberry Shortcake Bar,Midwest,321,2.54,815.34,543.9,271.44,0.3329,55+,Non-binary
2025-12-31,Good Humor Strawberry Shortcake Bar,Midwest,66,2.54,167.64,111.83,55.81,0.3329,55+,Prefer not to say
2025-12-31,Good Humor Strawberry Shortcake Bar,South,1,2.02,2.02,1.58,0.44,0.2174,<18,Male
2025-12-31,Good Humor Strawberry Shortcake Bar,South,2,2.02,4.04,3.16,0.88,0.2174,<18,Female
2025-12-31,Good Humor Strawberry Shortcake Bar,South,1,2.02,2.02,1.58,0.44,0.2174,<18,Non-binary
2025-12-31,Good Humor Strawberry Shortcake Bar,South,1,2.02,2.02,1.58,0.44,0.2174,<18,Prefer not to say
2025-12-31,Good Humor Strawberry Shortcake Bar,South,149,2.02,300.98,235.55,65.43,0.2174,18-34,Male
2025-12-31,Good Humor Strawberry Shortcake Bar,South,299,2.02,603.98,472.67,131.31,0.2174,18-34,Female
2025-12-31,Good Humor Strawberry Shortcake Bar,South,211,2.02,426.22,333.56,92.66,0.2174,18-34,Non-binary
2025-12-31,Good Humor Strawberry Shortcake Bar,South,116,2.02,234.32,183.38,50.94,0.2174,18-34,Prefer not to say
2025-12-31,Good Humor Strawberry Shortcake Bar,South,210,2.02,424.2,331.98,92.22,0.2174,35-54,Male
2025-12-31,Good Humor Strawberry Shortcake Bar,South,421,2.02,850.42,665.54,184.88,0.2174,35-54,Female
2025-12-31,Good Humor Strawberry Shortcake Bar,South,297,2.02,599.94,469.51,130.43,0.2174,35-54,Non-binary
2025-12-31,Good Humor Strawberry Shortcake Bar,South,163,2.02,329.26,257.68,71.58,0.2174,35-54,Prefer not to say
2025-12-31,Good Humor Strawberry Shortcake Bar,South,19,2.02,38.38,30.04,8.34,0.2174,55+,Male
2025-12-31,Good Humor Strawberry Shortcake Bar,South,37,2.02,74.74,58.49,16.25,0.2174,55+,Female
2025-12-31,Good Humor Strawberry Shortcake Bar,South,26,2.02,52.52,41.1,11.42,0.2174,55+,Non-binary
2025-12-31,Good Humor Strawberry Shortcake Bar,South,14,2.02,28.28,22.13,6.15,0.2174,55+,Prefer not to say
2025-12-31,Good Humor Strawberry Shortcake Bar,West,5,1.54,7.7,5.67,2.03,0.2637,<18,Male
2025-12-31,Good Humor Strawberry Shortcake Bar,West,1,1.54,1.54,1.13,0.41,0.2637,<18,Female
2025-12-31,Good Humor Strawberry Shortcake Bar,West,13,1.54,20.02,14.74,5.28,0.2637,<18,Non-binary
2025-12-31,Good Humor Strawberry Shortcake Bar,West,15,1.54,23.1,17.01,6.09,0.2637,<18,Prefer not to say
2025-12-31,Good Humor Strawberry Shortcake Bar,West,93,1.54,143.22,105.45,37.77,0.2637,18-34,Male
2025-12-31,Good Humor Strawberry Shortcake Bar,West,19,1.54,29.26,21.54,7.72,0.2637,18-34,Female
2025-12-31,Good Humor Strawberry Shortcake Bar,West,237,1.54,364.98,268.73,96.25,0.2637,18-34,Non-binary
2025-12-31,Good Humor Strawberry Shortcake Bar,West,273,1.54,420.42,309.55,110.87,0.2637,18-34,Prefer not to say
2025-12-31,Good Humor Strawberry Shortcake Bar,West,25,1.54,38.5,28.35,10.15,0.2637,35-54,Male
2025-12-31,Good Humor Strawberry Shortcake Bar,West,5,1.54,7.7,5.67,2.03,0.2637,35-54,Female
2025-12-31,Good Humor Strawberry Shortcake Bar,West,63,1.54,97.02,71.43,25.59,0.2637,35-54,Non-binary
2025-12-31,Good Humor Strawberry Shortcake Bar,West,72,1.54,110.88,81.64,29.24,0.2637,35-54,Prefer not to say
2025-12-31,Good Humor Strawberry Shortcake Bar,West,24,1.54,36.96,27.21,9.75,0.2637,55+,Male
2025-12-31,Good Humor Strawberry Shortcake Bar,West,5,1.54,7.7,5.67,2.03,0.2637,55+,Female
2025-12-31,Good Humor Strawberry Shortcake Bar,West,63,1.54,97.02,71.43,25.59,0.2637,55+,Non-binary
2025-12-31,Good Humor Strawberry Shortcake Bar,West,72,1.54,110.88,81.64,29.24,0.2637,55+,Prefer not to say
2025-12-31,Good Humor Chocolate Eclair Bar,Northeast,24,1.91,45.84,36.6,9.24,0.2016,<18,Male
2025-12-31,Good Humor Chocolate Eclair Bar,Northeast,32,1.91,61.12,48.8,12.32,0.2016,<18,Female
2025-12-31,Good Humor Chocolate Eclair Bar,Northeast,45,1.91,85.95,68.62,17.33,0.2016,<18,Non-binary
2025-12-31,Good Humor Chocolate Eclair Bar,Northeast,98,1.91,187.18,149.44,37.74,0.2016,<18,Prefer not to say
2025-12-31,Good Humor Chocolate Eclair Bar,Northeast,45,1.91,85.95,68.62,17.33,0.2016,18-34,Male
2025-12-31,Good Humor Chocolate Eclair Bar,Northeast,59,1.91,112.69,89.97,22.72,0.2016,18-34,Female
2025-12-31,Good Humor Chocolate Eclair Bar,Northeast,84,1.91,160.44,128.09,32.35,0.2016,18-34,Non-binary
2025-12-31,Good Humor Chocolate Eclair Bar,Northeast,184,1.91,351.44,280.57,70.87,0.2016,18-34,Prefer not to say
2025-12-31,Good Humor Chocolate Eclair Bar,Northeast,18,1.91,34.38,27.45,6.93,0.2016,35-54,Male
2025-12-31,Good Humor Chocolate Eclair Bar,Northeast,23,1.91,43.93,35.07,8.86,0.2016,35-54,Female
2025-12-31,Good Humor Chocolate Eclair Bar,Northeast,33,1.91,63.03,50.32,12.71,0.2016,35-54,Non-binary
2025-12-31,Good Humor Chocolate Eclair Bar,Northeast,73,1.91,139.43,111.31,28.12,0.2016,35-54,Prefer not to say
2025-12-31,Good Humor Chocolate Eclair Bar,Northeast,12,1.91,22.92,18.3,4.62,0.2016,55+,Male
2025-12-31,Good Humor Chocolate Eclair Bar,Northeast,16,1.91,30.56,24.4,6.16,0.2016,55+,Female
2025-12-31,Good Humor Chocolate Eclair Bar,Northeast,22,1.91,42.02,33.55,8.47,0.2016,55+,Non-binary
2025-12-31,Good Humor Chocolate Eclair Bar,Northeast,49,1.91,93.59,74.72,18.87,0.2016,55+,Prefer not to say
2025-12-31,Good Humor Chocolate Eclair Bar,Midwest,61,2.05,125.05,95.12,29.93,0.2394,<18,Male
2025-12-31,Good Humor Chocolate Eclair Bar,Midwest,158,2.05,323.9,246.37,77.53,0.2394,<18,Female
2025-12-31,Good Humor Chocolate Eclair Bar,Midwest,118,2.05,241.9,183.99,57.91,0.2394,<18,Non-binary
2025-12-31,Good Humor Chocolate Eclair Bar,Midwest,20,2.05,41.0,31.19,9.81,0.2394,<18,Prefer not to say
2025-12-31,Good Humor Chocolate Eclair Bar,Midwest,97,2.05,198.85,151.25,47.6,0.2394,18-34,Male
2025-12-31,Good Humor Chocolate Eclair Bar,Midwest,252,2.05,516.6,392.94,123.66,0.2394,18-34,Female
2025-12-31,Good Humor Chocolate Eclair Bar,Midwest,188,2.05,385.4,293.14,92.26,0.2394,18-34,Non-binary
2025-12-31,Good Humor Chocolate Eclair Bar,Midwest,32,2.05,65.6,49.9,15.7,0.2394,18-34,Prefer not to say
2025-12-31,Good Humor Chocolate Eclair Bar,Midwest,28,2.05,57.4,43.66,13.74,0.2394,35-54,Male
2025-12-31,Good Humor Chocolate Eclair Bar,Midwest,73,2.05,149.65,113.83,35.82,0.2394,35-54,Female
2025-12-31,Good Humor Chocolate Eclair Bar,Midwest,54,2.05,110.7,84.2,26.5,0.2394,35-54,Non-binary
2025-12-31,Good Humor Chocolate Eclair Bar,Midwest,9,2.05,18.45,14.03,4.42,0.2394,35-54,Prefer not to say
2025-12-31,Good Humor Chocolate Eclair Bar,Midwest,25,2.05,51.25,38.98,12.27,0.2394,55+,Male
2025-12-31,Good Humor Chocolate Eclair Bar,Midwest,66,2.05,135.3,102.91,32.39,0.2394,55+,Female
2025-12-31,Good Humor Chocolate Eclair Bar,Midwest,49,2.05,100.45,76.4,24.05,0.2394,55+,Non-binary
2025-12-31,Good Humor Chocolate Eclair Bar,Midwest,8,2.05,16.4,12.47,3.93,0.2394,55+,Prefer not to say
2025-12-31,Good Humor Chocolate Eclair Bar,South,12,2.15,25.8,20.55,5.25,0.2034,<18,Male
2025-12-31,Good Humor Chocolate Eclair Bar,South,40,2.15,86.0,68.51,17.49,0.2034,<18,Female
2025-12-31,Good Humor Chocolate Eclair Bar,South,3,2.15,6.45,5.14,1.31,0.2034,<18,Non-binary
2025-12-31,Good Humor Chocolate Eclair Bar,South,121,2.15,260.15,207.24,52.91,0.2034,<18,Prefer not to say
2025-12-31,Good Humor Chocolate Eclair Bar,South,31,2.15,66.65,53.1,13.55,0.2034,18-34,Male
2025-12-31,Good Humor Chocolate Eclair Bar,South,99,2.15,212.85,169.56,43.29,0.2034,18-34,Female
2025-12-31,Good Humor Chocolate Eclair Bar,South,8,2.15,17.2,13.7,3.5,0.2034,18-34,Non-binary
2025-12-31,Good Humor Chocolate Eclair Bar,South,301,2.15,647.15,515.54,131.61,0.2034,18-34,Prefer not to say
2025-12-31,Good Humor Chocolate Eclair Bar,South,8,2.15,17.2,13.7,3.5,0.2034,35-54,Male
2025-12-31,Good Humor Chocolate Eclair Bar,South,26,2.15,55.9,44.53,11.37,0.2034,35-54,Female
2025-12-31,Good Humor Chocolate Eclair Bar,South,2,2.15,4.3,3.43,0.87,0.2034,35-54,Non-binary
2025-12-31,Good Humor Chocolate Eclair Bar,South,78,2.15,167.7,133.59,34.11,0.2034,35-54,Prefer not to say
2025-12-31,Good Humor Chocolate Eclair Bar,South,6,2.15,12.9,10.28,2.62,0.2034,55+,Male
2025-12-31,Good Humor Chocolate Eclair Bar,South,19,2.15,40.85,32.54,8.31,0.2034,55+,Female
2025-12-31,Good Humor Chocolate Eclair Bar,South,1,2.15,2.15,1.71,0.44,0.2034,55+,Non-binary
2025-12-31,Good Humor Chocolate Eclair Bar,South,57,2.15,122.55,97.63,24.92,0.2034,55+,Prefer not to say
2025-12-31,Good Humor Chocolate Eclair Bar,West,4,2.34,9.36,6.13,3.23,0.3453,<18,Male
2025-12-31,Good Humor Chocolate Eclair Bar,West,20,2.34,46.8,30.64,16.16,0.3453,<18,Female
2025-12-31,Good Humor Chocolate Eclair Bar,West,12,2.34,28.08,18.38,9.7,0.3453,<18,Non-binary
2025-12-31,Good Humor Chocolate Eclair Bar,West,2,2.34,4.68,3.06,1.62,0.3453,<18,Prefer not to say
2025-12-31,Good Humor Chocolate Eclair Bar,West,53,2.34,124.02,81.2,42.82,0.3453,18-34,Male
2025-12-31,Good Humor Chocolate Eclair Bar,West,266,2.34,622.44,407.53,214.91,0.3453,18-34,Female
2025-12-31,Good Humor Chocolate Eclair Bar,West,160,2.34,374.4,245.13,129.27,0.3453,18-34,Non-binary
2025-12-31,Good Humor Chocolate Eclair Bar,West,32,2.34,74.88,49.03,25.85,0.3453,18-34,Prefer not to say
2025-12-31,Good Humor Chocolate Eclair Bar,West,46,2.34,107.64,70.47,37.17,0.3453,35-54,Male
2025-12-31,Good Humor Chocolate Eclair Bar,West,235,2.34,549.9,360.03,189.87,0.3453,35-54,Female
2025-12-31,Good Humor Chocolate Eclair Bar,West,141,2.34,329.94,216.02,113.92,0.3453,35-54,Non-binary
2025-12-31,Good Humor Chocolate Eclair Bar,West,29,2.34,67.86,44.43,23.43,0.3453,35-54,Prefer not to say
2025-12-31,Good Humor Chocolate Eclair Bar,West,38,2.34,88.92,58.22,30.7,0.3453,55+,Male
2025-12-31,Good Humor Chocolate Eclair Bar,West,193,2.34,451.62,295.69,155.93,0.3453,55+,Female
2025-12-31,Good Humor Chocolate Eclair Bar,West,116,2.34,271.44,177.72,93.72,0.3453,55+,Non-binary
2025-12-31,Good Humor Chocolate Eclair Bar,West,23,2.34,53.82,35.24,18.58,0.3453,55+,Prefer not to say
