Date,Region,Channel,SKU,IncomeTier,AgeGroup,Gender,UnitsSold,UnitPrice,Revenue,MarginPct,Profit,YearMonth
2020-07-01,International,Foodservice,CookieDough,Low,35-44,Other/Non-binary,120.0414626140678,5.2,624.2156055931525,0.22,137.32743323049357,2020-07
2023-10-01,South,Foodservice,Mint,Lower-Middle,55-64,Other/Non-binary,106.11323119880008,4.4,466.89821727472037,0.17,79.37269693670247,2023-10
2023-05-01,South,Convenience,CookieDough,Low,18-24,Other/Non-binary,902.8525802062289,7.15,6455.395948474537,0.27,1742.9569060881252,2023-05
2022-06-01,South,Club,Chocolate,Low,18-24,Other/Non-binary,1311.6237928336714,5.4,7082.768481301826,0.28,1983.1751747645114,2022-06
2020-07-01,Midwest,Grocery,CookieDough,Low,25-34,Female,1007.4145981520973,6.5,6548.194887988632,0.32,2095.422364156362,2020-07
2021-02-01,International,Online,Strawberry,Low,25-34,Female,170.85413457279577,5.5,939.6977401503767,0.32999999999999996,310.1002542496243,2021-02
2022-06-01,Northeast,Club,CookieDough,High,65+,Other/Non-binary,1016.5311994523644,5.8500000000000005,5946.707516796332,0.30000000000000004,1784.0122550388999,2022-06
2024-08-01,South,Foodservice,Chocolate,Lower-Middle,25-34,Male,210.3932059663361,4.800000000000001,1009.8873886384134,0.2,201.9774777276827,2024-08
2020-04-01,Northeast,Grocery,Strawberry,Upper-Middle,45-54,Male,1062.3728427694277,5.5,5843.0506352318525,0.27999999999999997,1636.0541778649185,2020-04
2021-10-01,South,Club,LowCal_Protein_Scoop,Lower-Middle,45-54,Other/Non-binary,395.34727212198146,5.8500000000000005,2312.781541913592,0.29000000000000004,670.7066471549417,2021-10
2024-07-01,Northeast,Foodservice,Vanilla,Upper-Middle,35-44,Other/Non-binary,208.75136744690624,4.4,918.5060167663876,0.2,183.70120335327752,2024-07
2024-02-01,Midwest,Online,CookieDough,Low,35-44,Other/Non-binary,410.61286542412574,6.5,2668.9836252568175,0.37,987.5239413450224,2024-02
2024-02-01,West,Online,LowCal_Protein_Scoop,Lower-Middle,25-34,Male,436.3357791900051,6.5,2836.1825647350333,0.36,1021.0257233046119,2024-02
2024-08-01,West,Convenience,NonDairy_Chocolate,Upper-Middle,65+,Other/Non-binary,379.6955669998255,7.700000000000001,2923.6558658986564,0.28,818.6236424516238,2024-08
2024-02-01,International,Convenience,NonDairy_Chocolate,High,35-44,Other/Non-binary,191.8638216124622,7.700000000000001,1477.3514264159592,0.28,413.6583993964686,2024-02
2021-11-01,International,Foodservice,NonDairy_Chocolate,High,35-44,Other/Non-binary,35.794509963317374,5.6000000000000005,200.4492557945773,0.23,46.10332883275279,2021-11
2023-02-01,Northeast,Convenience,Mint,Upper-Middle,55-64,Other/Non-binary,412.8791298539871,6.050000000000001,2497.918735616622,0.22,549.5421218356569,2023-02
2024-12-01,International,Foodservice,NonDairy_Chocolate,Upper-Middle,18-24,Female,46.26516489716503,5.6000000000000005,259.0849234241242,0.23,59.58953238754857,2024-12
2020-09-01,International,Club,NonDairy_Chocolate,Upper-Middle,55-64,Other/Non-binary,154.39491057603902,6.3,972.6879366290458,0.31000000000000005,301.53326035500424,2020-09
2020-01-01,South,Convenience,Mint,Upper-Middle,55-64,Other/Non-binary,401.0556645261945,6.050000000000001,2426.386770383477,0.22,533.805089484365,2020-01
2020-04-01,Northeast,Convenience,LowCal_Protein_Scoop,High,45-54,Other/Non-binary,675.672581677927,7.15,4831.058958997179,0.26,1256.0753293392665,2020-04
2024-02-01,Midwest,Foodservice,Chocolate,Upper-Middle,65+,Other/Non-binary,190.32021833602462,4.800000000000001,913.5370480129184,0.2,182.70740960258368,2024-02
2023-04-01,International,Foodservice,Strawberry,High,45-54,Female,99.48101822433802,4.4,437.7164801870873,0.18000000000000002,78.78896643367572,2023-04
2024-04-01,Northeast,Online,Strawberry,Lower-Middle,55-64,Female,442.08161503879137,5.5,2431.4488827133528,0.32999999999999996,802.3781312954063,2024-04
2020-05-01,West,Convenience,Chocolate,Lower-Middle,18-24,Female,1255.6804155802727,6.6000000000000005,8287.490742829801,0.25,2071.8726857074503,2020-05
2024-01-01,South,Foodservice,Vanilla,High,55-64,Other/Non-binary,205.53015464488797,4.4,904.3326804375072,0.2,180.86653608750146,2024-01
2023-07-01,West,Convenience,CookieDough,Lower-Middle,65+,Other/Non-binary,1039.4680878577938,7.15,7432.196828183226,0.27,2006.6931436094712,2023-07
2023-11-01,South,Grocery,Chocolate,Low,25-34,Male,1084.3430430448168,6.0,6506.0582582689,0.3,1951.81747748067,2023-11
2022-06-01,Midwest,Foodservice,NonDairy_Chocolate,Upper-Middle,18-24,Female,80.959535540178,5.6000000000000005,453.37339902499684,0.23,104.27588177574928,2022-06
2024-06-01,South,Club,Chocolate,Upper-Middle,35-44,Female,1231.4339860335144,5.4,6649.743524580978,0.28,1861.928186882674,2024-06
2021-06-01,Northeast,Club,Strawberry,Low,55-64,Other/Non-binary,805.6530096885922,4.95,3987.9823979585317,0.26,1036.8754234692183,2021-06
2024-05-01,West,Online,CookieDough,Low,45-54,Other/Non-binary,536.2516539605363,6.5,3485.635750743486,0.37,1289.6852277750897,2024-05
2022-12-01,International,Grocery,Vanilla,Upper-Middle,25-34,Female,437.9863515147484,5.5,2408.924933331116,0.3,722.6774799993348,2022-12
2024-03-01,West,Grocery,Mint,Upper-Middle,35-44,Female,701.2089368070051,5.5,3856.6491524385283,0.27,1041.2952711584028,2024-03
2023-02-01,International,Convenience,LowCal_Protein_Scoop,High,45-54,Male,267.5979992852208,7.15,1913.3256948893288,0.26,497.4646806712255,2023-02
2021-06-01,International,Club,NonDairy_Chocolate,Lower-Middle,65+,Other/Non-binary,240.54439625763905,6.3,1515.429696423126,0.31000000000000005,469.78320589116913,2021-06
2022-05-01,South,Foodservice,Strawberry,Low,25-34,Male,225.37397809655172,4.4,991.6455036248277,0.18000000000000002,178.496190652469,2022-05
2022-10-01,Midwest,Grocery,Mint,High,25-34,Male,443.73109895321966,5.5,2440.5210442427083,0.27,658.9406819455313,2022-10
2020-01-01,West,Online,LowCal_Protein_Scoop,High,65+,Other/Non-binary,272.17712064393464,6.5,1769.1512841855752,0.36,636.894462306807,2020-01
2020-08-01,West,Club,LowCal_Protein_Scoop,Low,65+,Male,657.5508606023703,5.8500000000000005,3846.672534523867,0.29000000000000004,1115.5350350119215,2020-08
2020-08-01,South,Online,LowCal_Protein_Scoop,Low,25-34,Other/Non-binary,278.6910108345472,6.5,1811.491570424557,0.36,652.1369653528405,2020-08
2022-03-01,Midwest,Convenience,Vanilla,Low,35-44,Other/Non-binary,842.6915166233014,6.050000000000001,5098.283675570974,0.25,1274.5709188927435,2022-03
2024-06-01,Northeast,Convenience,Vanilla,High,35-44,Other/Non-binary,886.6286065690765,6.050000000000001,5364.103069742913,0.25,1341.0257674357283,2024-06
2023-01-01,International,Online,Vanilla,Upper-Middle,18-24,Other/Non-binary,199.46945168562445,5.5,1097.0819842709345,0.35,383.97869449482704,2023-01
2023-07-01,Northeast,Club,Strawberry,Low,45-54,Other/Non-binary,766.407140423852,4.95,3793.7153450980672,0.26,986.3659897254976,2023-07
2020-04-01,West,Convenience,LowCal_Protein_Scoop,High,25-34,Female,572.9545397441677,7.15,4096.624959170799,0.26,1065.1224893844078,2020-04
2020-05-01,South,Grocery,LowCal_Protein_Scoop,Low,55-64,Male,814.0627594461467,6.5,5291.4079363999535,0.31,1640.3364602839856,2020-05
2021-07-01,South,Convenience,Mint,High,55-64,Male,545.331604264071,6.050000000000001,3299.2562057976297,0.22,725.8363652754786,2021-07
2022-08-01,West,Convenience,LowCal_Protein_Scoop,Lower-Middle,55-64,Male,605.1139447835708,7.15,4326.5647052025315,0.26,1124.9068233526582,2022-08
2024-02-01,South,Online,LowCal_Protein_Scoop,Low,18-24,Other/Non-binary,284.3907627564557,6.5,1848.5399579169618,0.36,665.4743848501063,2024-02
2021-02-01,Midwest,Grocery,LowCal_Protein_Scoop,Lower-Middle,25-34,Male,644.4341738865057,6.5,4188.822130262287,0.31,1298.534860381309,2021-02
2024-04-01,West,Grocery,Mint,Lower-Middle,55-64,Other/Non-binary,719.7369378169918,5.5,3958.553157993455,0.27,1068.809352658233,2024-04
2021-04-01,Midwest,Grocery,LowCal_Protein_Scoop,Lower-Middle,25-34,Female,726.690044112549,6.5,4723.4852867315685,0.31,1464.2804388867862,2021-04
2024-01-01,West,Convenience,Mint,Low,35-44,Male,510.741377777978,6.050000000000001,3089.9853355567675,0.22,679.7967738224888,2024-01
2024-04-01,International,Club,NonDairy_Chocolate,High,35-44,Other/Non-binary,254.95941445697693,6.3,1606.2443110789545,0.31000000000000005,497.935736434476,2024-04
2024-05-01,International,Club,Mint,Upper-Middle,25-34,Other/Non-binary,315.6494549659601,4.95,1562.4648020815025,0.25,390.6162005203756,2024-05
2022-12-01,South,Online,Mint,Upper-Middle,18-24,Female,275.05299841664475,5.5,1512.7914912915462,0.31999999999999995,484.0932772132947,2022-12
2021-06-01,West,Foodservice,NonDairy_Chocolate,Lower-Middle,25-34,Male,114.22733768515037,5.6000000000000005,639.6730910368422,0.23,147.1248109384737,2021-06
2020-11-01,Northeast,Foodservice,Strawberry,High,18-24,Other/Non-binary,132.1115501903717,4.4,581.2908208376356,0.18000000000000002,104.63234775077441,2020-11
2021-12-01,Northeast,Grocery,Mint,Low,65+,Other/Non-binary,433.6651928039962,5.5,2385.158560421979,0.27,643.9928113139343,2021-12
2020-08-01,West,Online,LowCal_Protein_Scoop,Low,35-44,Female,293.6581766270876,6.5,1908.7781480760693,0.36,687.160133307385,2020-08
2023-10-01,South,Foodservice,Mint,Lower-Middle,45-54,Female,87.4975713111374,4.4,384.98931376900464,0.17,65.4481833407308,2023-10
2021-08-01,South,Online,Strawberry,High,25-34,Male,307.878096457983,5.5,1693.3295305189067,0.32999999999999996,558.7987450712392,2021-08
2022-04-01,West,Convenience,Strawberry,Lower-Middle,18-24,Male,804.3740665912967,6.050000000000001,4866.463102877346,0.23,1119.2865136617895,2022-04
2023-02-01,West,Foodservice,Chocolate,Upper-Middle,25-34,Female,355.27599096748696,4.800000000000001,1705.3247566439377,0.2,341.0649513287876,2023-02
2023-04-01,International,Grocery,NonDairy_Chocolate,High,25-34,Male,305.3561984875594,7.0,2137.493389412916,0.32999999999999996,705.3728185062621,2023-04
2020-10-01,Midwest,Convenience,LowCal_Protein_Scoop,Upper-Middle,18-24,Male,372.1574444369193,7.15,2660.925727723973,0.26,691.840689208233,2020-10
2024-05-01,South,Convenience,CookieDough,Lower-Middle,35-44,Male,840.1283350126189,7.15,6006.9175953402255,0.27,1621.867750741861,2024-05
2024-01-01,West,Convenience,Chocolate,Upper-Middle,45-54,Female,1085.977680993086,6.6000000000000005,7167.4526945543685,0.25,1791.8631736385921,2024-01
2021-08-01,West,Foodservice,Chocolate,Upper-Middle,55-64,Male,230.19548971855497,4.800000000000001,1104.938350649064,0.2,220.9876701298128,2021-08
2024-11-01,International,Online,LowCal_Protein_Scoop,Lower-Middle,25-34,Other/Non-binary,110.22514376188845,6.5,716.4634344522749,0.36,257.92683640281894,2024-11
2022-12-01,South,Foodservice,NonDairy_Chocolate,Upper-Middle,35-44,Female,97.58136030867678,5.6000000000000005,546.45561772859,0.23,125.68479207757571,2022-12
2020-12-01,International,Club,Mint,Low,18-24,Other/Non-binary,218.51585404297745,4.95,1081.6534775127384,0.25,270.4133693781846,2020-12
2020-02-01,South,Foodservice,LowCal_Protein_Scoop,Upper-Middle,45-54,Male,194.2579360733541,5.2,1010.1412675814414,0.21000000000000002,212.12966619210272,2020-02
2022-09-01,West,Convenience,Strawberry,Low,18-24,Male,503.06813954062966,6.050000000000001,3043.5622442208096,0.23,700.0193161707863,2022-09
2021-12-01,West,Grocery,Strawberry,Upper-Middle,65+,Female,909.5781180197157,5.5,5002.679649108436,0.27999999999999997,1400.750301750362,2021-12
2020-11-01,Midwest,Club,CookieDough,High,65+,Other/Non-binary,526.3688280200055,5.8500000000000005,3079.2576439170325,0.30000000000000004,923.7772931751099,2020-11
2022-01-01,Northeast,Grocery,NonDairy_Chocolate,Low,25-34,Male,405.3649154489674,7.0,2837.5544081427715,0.32999999999999996,936.3929546871145,2022-01
2023-06-01,Northeast,Foodservice,LowCal_Protein_Scoop,Low,35-44,Female,154.6391250483379,5.2,804.1234502513571,0.21000000000000002,168.865924552785,2023-06
2022-09-01,International,Club,Chocolate,Upper-Middle,25-34,Other/Non-binary,460.1252824205186,5.4,2484.676525070801,0.28,695.7094270198243,2022-09
2024-07-01,West,Club,Mint,Lower-Middle,45-54,Other/Non-binary,620.6224304397574,4.95,3072.0810306767994,0.25,768.0202576691999,2024-07
2022-04-01,West,Convenience,Strawberry,Upper-Middle,25-34,Other/Non-binary,849.5880067236932,6.050000000000001,5140.007440678344,0.23,1182.2017113560191,2022-04
2021-07-01,South,Convenience,LowCal_Protein_Scoop,Low,65+,Other/Non-binary,603.5255889331453,7.15,4315.207960871989,0.26,1121.9540698267172,2021-07
2022-08-01,International,Convenience,Chocolate,Low,25-34,Male,423.21840839581074,6.6000000000000005,2793.241495412351,0.25,698.3103738530878,2022-08
2020-07-01,West,Online,Mint,Upper-Middle,35-44,Other/Non-binary,292.95436155072923,5.5,1611.2489885290108,0.31999999999999995,515.5996763292834,2020-07
2020-09-01,South,Club,Chocolate,Lower-Middle,25-34,Male,1001.7023249034053,5.4,5409.192554478389,0.28,1514.573915253949,2020-09
2020-11-01,Northeast,Convenience,NonDairy_Chocolate,Upper-Middle,65+,Male,279.13554278459424,7.700000000000001,2149.343679441376,0.28,601.8162302435853,2020-11
2021-03-01,International,Grocery,LowCal_Protein_Scoop,Lower-Middle,45-54,Other/Non-binary,422.5474226972749,6.5,2746.5582475322867,0.31,851.4330567350089,2021-03
2022-08-01,Northeast,Foodservice,Strawberry,High,18-24,Male,133.75834275732265,4.4,588.5367081322197,0.18000000000000002,105.93660746379956,2022-08
2020-10-01,West,Grocery,Chocolate,Low,35-44,Male,1167.6319243734865,6.0,7005.791546240919,0.3,2101.737463872276,2020-10
2020-02-01,Northeast,Foodservice,CookieDough,High,25-34,Male,233.0700165642645,5.2,1211.9640861341754,0.22,266.6320989495186,2020-02
2024-02-01,Northeast,Grocery,CookieDough,Lower-Middle,18-24,Male,1012.353602356201,6.5,6580.298415315307,0.32,2105.695492900898,2024-02
2021-05-01,Midwest,Foodservice,Strawberry,Lower-Middle,25-34,Other/Non-binary,154.9392355288879,4.4,681.7326363271069,0.18000000000000002,122.71187453887926,2021-05
2022-12-01,Northeast,Online,Strawberry,Lower-Middle,55-64,Other/Non-binary,272.3622217626893,5.5,1497.992219694791,0.32999999999999996,494.33743249928096,2022-12
2020-12-01,International,Online,CookieDough,High,18-24,Male,183.51711772796506,6.5,1192.861265231773,0.37,441.358668135756,2020-12
2021-04-01,International,Foodservice,Chocolate,High,18-24,Other/Non-binary,116.15316856639723,4.800000000000001,557.5352091187068,0.2,111.50704182374136,2021-04
2020-11-01,Midwest,Grocery,NonDairy_Chocolate,Upper-Middle,55-64,Female,307.0923357270098,7.0,2149.6463500890686,0.32999999999999996,709.3832955293925,2020-11
2024-04-01,Northeast,Foodservice,Vanilla,High,45-54,Male,234.32610466449563,4.4,1031.034860523781,0.2,206.2069721047562,2024-04
2021-02-01,International,Club,NonDairy_Chocolate,Upper-Middle,25-34,Female,258.21886364000966,6.3,1626.7788409320608,0.31000000000000005,504.30144068893895,2021-02
2020-09-01,Northeast,Grocery,Chocolate,High,45-54,Other/Non-binary,911.2267226219045,6.0,5467.360335731427,0.3,1640.208100719428,2020-09
2021-11-01,Northeast,Foodservice,Mint,High,25-34,Male,114.49031104726977,4.4,503.757368607987,0.17,85.6387526633578,2021-11
2020-04-01,International,Convenience,Strawberry,Upper-Middle,65+,Male,377.2118947598749,6.050000000000001,2282.1319632972436,0.23,524.8903515583661,2020-04
2024-11-01,Midwest,Convenience,NonDairy_Chocolate,High,25-34,Other/Non-binary,246.65601155740998,7.700000000000001,1899.2512889920572,0.28,531.7903609177761,2024-11
2021-06-01,International,Convenience,Strawberry,Low,55-64,Male,318.11101217059615,6.050000000000001,1924.571623632107,0.23,442.6514734353846,2021-06
2021-02-01,Midwest,Club,Mint,Upper-Middle,18-24,Other/Non-binary,441.25555943911627,4.95,2184.2150192236254,0.25,546.0537548059064,2021-02
2021-09-01,Midwest,Grocery,LowCal_Protein_Scoop,Low,55-64,Female,541.8635406523786,6.5,3522.113014240461,0.31,1091.8550344145428,2021-09
2020-07-01,South,Club,Vanilla,Low,18-24,Other/Non-binary,893.7497854087198,4.95,4424.061437773164,0.28,1238.737202576486,2020-07
2021-10-01,International,Foodservice,NonDairy_Chocolate,High,25-34,Other/Non-binary,40.7687600454167,5.6000000000000005,228.30505625433352,0.23,52.51016293849671,2021-10
2021-04-01,Northeast,Grocery,Mint,Upper-Middle,55-64,Female,589.565812417647,5.5,3242.6119682970584,0.27,875.5052314402059,2021-04
2023-03-01,International,Online,NonDairy_Chocolate,Low,35-44,Other/Non-binary,100.60758229392799,7.0,704.253076057496,0.38,267.6161689018485,2023-03
2020-08-01,South,Foodservice,CookieDough,Upper-Middle,35-44,Male,240.08318239320874,5.2,1248.4325484446856,0.22,274.65516065783083,2020-08
2024-01-01,South,Grocery,NonDairy_Chocolate,High,65+,Other/Non-binary,440.79158236864384,7.0,3085.541076580507,0.32999999999999996,1018.2285552715671,2024-01
2021-03-01,Northeast,Foodservice,Strawberry,Low,55-64,Male,175.42087294022596,4.4,771.8518409369943,0.18000000000000002,138.933331368659,2021-03
2021-08-01,Midwest,Grocery,Strawberry,Upper-Middle,25-34,Other/Non-binary,647.6137797941644,5.5,3561.8757888679042,0.27999999999999997,997.3252208830131,2021-08
2024-08-01,West,Online,NonDairy_Chocolate,Low,65+,Male,204.78412143559578,7.0,1433.4888500491704,0.38,544.7257630186848,2024-08
2023-02-01,Northeast,Foodservice,Mint,Low,65+,Male,125.36499692429835,4.4,551.6059864669128,0.17,93.77301769937517,2023-02
2021-09-01,Midwest,Club,Strawberry,Upper-Middle,55-64,Female,554.2366212524653,4.95,2743.471275199703,0.26,713.3025315519228,2021-09
2024-06-01,Midwest,Convenience,Chocolate,Upper-Middle,25-34,Female,837.9308976622932,6.6000000000000005,5530.343924571135,0.25,1382.5859811427838,2024-06
2020-10-01,Northeast,Club,Chocolate,Low,18-24,Other/Non-binary,812.7291116723441,5.4,4388.737203030658,0.28,1228.8464168485843,2020-10
2023-11-01,Northeast,Foodservice,Vanilla,Low,45-54,Male,166.28750099190577,4.4,731.6650043643855,0.2,146.3330008728771,2023-11
2023-11-01,West,Grocery,Chocolate,High,18-24,Other/Non-binary,1301.6012289036607,6.0,7809.607373421964,0.3,2342.882212026589,2023-11
2024-03-01,West,Grocery,Strawberry,High,45-54,Other/Non-binary,918.3857740985945,5.5,5051.12175754227,0.27999999999999997,1414.3140921118354,2024-03
2024-07-01,International,Foodservice,Strawberry,Low,25-34,Other/Non-binary,74.33080888740191,4.4,327.05555910456843,0.18000000000000002,58.870000638822326,2024-07
2020-09-01,South,Foodservice,Strawberry,Low,45-54,Female,161.98528673494351,4.4,712.7352616337515,0.18000000000000002,128.2923470940753,2020-09
2022-03-01,Northeast,Grocery,CookieDough,Upper-Middle,55-64,Male,1139.8613192750324,6.5,7409.09857528771,0.32,2370.9115440920673,2022-03
2020-01-01,Midwest,Club,Strawberry,Upper-Middle,18-24,Male,665.8891834127016,4.95,3296.151457892873,0.26,856.9993790521471,2020-01
2020-08-01,International,Club,Vanilla,Low,18-24,Female,289.02126735427953,4.95,1430.6552734036836,0.28,400.58347655303146,2020-08
2020-01-01,Midwest,Foodservice,LowCal_Protein_Scoop,Low,35-44,Female,119.84095992503433,5.2,623.1729916101785,0.21000000000000002,130.8663282381375,2020-01
2024-11-01,South,Club,NonDairy_Chocolate,High,25-34,Female,348.47117966960394,6.3,2195.368431918505,0.31000000000000005,680.5642138947367,2024-11
2020-06-01,South,Online,Vanilla,Upper-Middle,25-34,Female,513.4192295874768,5.5,2823.8057627311227,0.35,988.3320169558929,2020-06
2021-10-01,Midwest,Grocery,LowCal_Protein_Scoop,Upper-Middle,35-44,Female,442.5087466242955,6.5,2876.3068530579208,0.31,891.6551244479555,2021-10
2024-11-01,West,Convenience,Chocolate,Upper-Middle,55-64,Other/Non-binary,878.0375208262756,6.6000000000000005,5795.047637453419,0.25,1448.7619093633548,2024-11
2022-12-01,West,Club,Chocolate,High,55-64,Other/Non-binary,1028.2421679632746,5.4,5552.507707001683,0.28,1554.7021579604714,2022-12
2023-08-01,South,Club,CookieDough,Low,25-34,Male,857.9597824539075,5.8500000000000005,5019.064727355359,0.30000000000000004,1505.7194182066078,2023-08
2022-04-01,Northeast,Grocery,Strawberry,Upper-Middle,25-34,Male,1007.89995260408,5.5,5543.44973932244,0.27999999999999997,1552.165927010283,2022-04
2021-02-01,Northeast,Convenience,Strawberry,Upper-Middle,18-24,Other/Non-binary,505.5852857920147,6.050000000000001,3058.7909790416893,0.23,703.5219251795886,2021-02
2023-04-01,South,Grocery,NonDairy_Chocolate,Low,65+,Female,608.9599836888694,7.0,4262.719885822086,0.32999999999999996,1406.6975623212884,2023-04
2020-09-01,Northeast,Convenience,Chocolate,Low,35-44,Other/Non-binary,646.9895327915583,6.6000000000000005,4270.130916424285,0.25,1067.5327291060712,2020-09
2020-03-01,Northeast,Convenience,CookieDough,High,45-54,Other/Non-binary,1023.0082034865878,7.15,7314.508654929104,0.27,1974.9173368308582,2020-03
2023-06-01,West,Grocery,CookieDough,Upper-Middle,25-34,Other/Non-binary,1336.7367629181733,6.5,8688.788958968127,0.32,2780.412466869801,2023-06
2022-05-01,West,Convenience,Mint,Lower-Middle,35-44,Other/Non-binary,650.0923762305301,6.050000000000001,3933.058876194708,0.22,865.2729527628358,2022-05
2023-02-01,International,Club,Vanilla,Low,35-44,Male,481.4855496848799,4.95,2383.3534709401556,0.28,667.3389718632436,2023-02
2024-04-01,Northeast,Convenience,CookieDough,Upper-Middle,25-34,Other/Non-binary,745.5843422640921,7.15,5330.928047188259,0.27,1439.35057274083,2024-04
2021-02-01,South,Club,CookieDough,High,65+,Other/Non-binary,1008.201947625681,5.8500000000000005,5897.981393610235,0.30000000000000004,1769.3944180830706,2021-02
2020-01-01,International,Grocery,Vanilla,Lower-Middle,25-34,Other/Non-binary,591.8525436380271,5.5,3255.188990009149,0.3,976.5566970027447,2020-01
2022-07-01,South,Grocery,NonDairy_Chocolate,Low,55-64,Other/Non-binary,522.2816543057643,7.0,3655.97158014035,0.32999999999999996,1206.4706214463154,2022-07
2023-08-01,West,Foodservice,LowCal_Protein_Scoop,Low,45-54,Female,141.23272917474407,5.2,734.4101917086691,0.21000000000000002,154.22614025882052,2023-08
2022-07-01,Northeast,Online,NonDairy_Chocolate,Upper-Middle,55-64,Female,194.94974628080936,7.0,1364.6482239656655,0.38,518.5663251069528,2022-07
2021-05-01,South,Convenience,LowCal_Protein_Scoop,Lower-Middle,45-54,Female,641.6081468619536,7.15,4587.4982500629685,0.26,1192.749545016372,2021-05
2020-10-01,South,Online,NonDairy_Chocolate,Lower-Middle,18-24,Female,183.51927155601138,7.0,1284.6349008920797,0.38,488.1612623389903,2020-10
2024-01-01,West,Online,NonDairy_Chocolate,Low,18-24,Other/Non-binary,215.24716797177877,7.0,1506.7301758024514,0.38,572.5574668049316,2024-01
2023-01-01,South,Club,LowCal_Protein_Scoop,High,45-54,Male,503.04505570620074,5.8500000000000005,2942.8135758812746,0.29000000000000004,853.4159370055697,2023-01
2024-01-01,Midwest,Club,CookieDough,Upper-Middle,45-54,Other/Non-binary,948.5542572047734,5.8500000000000005,5549.042404647925,0.30000000000000004,1664.7127213943777,2024-01
2022-12-01,South,Online,Chocolate,High,18-24,Male,562.840245944594,6.0,3377.041475667564,0.35,1181.9645164836475,2022-12
2023-04-01,International,Online,Chocolate,High,35-44,Female,334.1966886396795,6.0,2005.1801318380772,0.35,701.8130461433269,2023-04
2021-06-01,International,Foodservice,Mint,Upper-Middle,65+,Female,67.4108353977956,4.4,296.60767575030064,0.17,50.42330487755111,2021-06
2023-06-01,Midwest,Grocery,Chocolate,Upper-Middle,45-54,Female,1093.417887013127,6.0,6560.507322078762,0.3,1968.1521966236285,2023-06
2023-06-01,West,Convenience,Strawberry,Lower-Middle,45-54,Other/Non-binary,878.3532384263965,6.050000000000001,5314.0370924797,0.23,1222.228531270331,2023-06
2021-03-01,South,Foodservice,Mint,High,25-34,Other/Non-binary,173.70779605381085,4.4,764.3143026367678,0.17,129.93343144825053,2021-03
2020-09-01,Midwest,Club,Chocolate,Upper-Middle,18-24,Male,637.8365847676455,5.4,3444.3175577452857,0.28,964.4089161686801,2020-09
2021-06-01,International,Online,CookieDough,Upper-Middle,35-44,Male,197.4270454173742,6.5,1283.2757952129323,0.37,474.81204422878494,2021-06
2021-03-01,Midwest,Online,Strawberry,Lower-Middle,25-34,Female,353.2425289156941,5.5,1942.8339090363174,0.32999999999999996,641.1351899819847,2021-03
2023-10-01,West,Convenience,CookieDough,Lower-Middle,65+,Female,704.0295687704831,7.15,5033.811416708954,0.27,1359.1290825114177,2023-10
2024-09-01,Northeast,Club,Mint,Upper-Middle,55-64,Female,410.2906486023234,4.95,2030.938710581501,0.25,507.73467764537526,2024-09
2024-11-01,Northeast,Convenience,Vanilla,High,55-64,Male,648.8645906636837,6.050000000000001,3925.6307735152864,0.25,981.4076933788216,2024-11
2020-10-01,West,Convenience,LowCal_Protein_Scoop,Upper-Middle,55-64,Male,443.84549322032865,7.15,3173.49527652535,0.26,825.1087718965911,2020-10
2020-10-01,Midwest,Club,CookieDough,Low,35-44,Female,528.8709870084855,5.8500000000000005,3093.8952739996403,0.30000000000000004,928.1685821998922,2020-10
2022-07-01,Midwest,Grocery,LowCal_Protein_Scoop,Low,35-44,Male,565.3943993830276,6.5,3675.063595989679,0.31,1139.2697147568006,2022-07
2020-04-01,Northeast,Club,CookieDough,High,65+,Male,1032.2589408298375,5.8500000000000005,6038.714803854549,0.30000000000000004,1811.614441156365,2020-04
2023-09-01,International,Grocery,Mint,Lower-Middle,18-24,Female,287.23461738728366,5.5,1579.7903956300602,0.27,426.5434068201163,2023-09
2022-07-01,Northeast,Foodservice,CookieDough,Lower-Middle,45-54,Male,223.62454891541816,5.2,1162.8476543601744,0.22,255.82648395923837,2022-07
2022-06-01,West,Convenience,Strawberry,High,18-24,Male,661.0064404984403,6.050000000000001,3999.088965015564,0.23,919.7904619535798,2022-06
2023-03-01,South,Grocery,NonDairy_Chocolate,Low,18-24,Male,772.2668477113638,7.0,5405.867933979546,0.32999999999999996,1783.9364182132501,2023-03
2024-06-01,South,Convenience,Vanilla,Upper-Middle,18-24,Female,716.3022232734378,6.050000000000001,4333.628450804299,0.25,1083.4071127010748,2024-06
2023-03-01,South,Club,CookieDough,Upper-Middle,35-44,Male,1252.2815043546263,5.8500000000000005,7325.846800474565,0.30000000000000004,2197.75404014237,2023-03
2021-12-01,Northeast,Grocery,NonDairy_Chocolate,Lower-Middle,25-34,Male,498.40082196510247,7.0,3488.8057537557174,0.32999999999999996,1151.3058987393865,2021-12
2021-09-01,South,Convenience,LowCal_Protein_Scoop,Lower-Middle,55-64,Other/Non-binary,456.4131974417637,7.15,3263.3543617086107,0.26,848.4721340442388,2021-09
2020-06-01,West,Convenience,CookieDough,Lower-Middle,45-54,Female,938.3175937870351,7.15,6708.970795577301,0.27,1811.4221148058714,2020-06
2021-04-01,Midwest,Foodservice,LowCal_Protein_Scoop,High,55-64,Other/Non-binary,176.27505462298262,5.2,916.6302840395097,0.21000000000000002,192.49235964829705,2021-04
2024-06-01,International,Foodservice,NonDairy_Chocolate,Upper-Middle,18-24,Female,58.68897314337079,5.6000000000000005,328.6582496028764,0.23,75.59139740866158,2024-06
2021-05-01,South,Online,NonDairy_Chocolate,Low,65+,Male,261.1171480362253,7.0,1827.820036253577,0.38,694.5716137763593,2021-05
2022-03-01,West,Club,Vanilla,Upper-Middle,35-44,Female,924.1267925509403,4.95,4574.427623127155,0.28,1280.8397344756036,2022-03
2022-04-01,West,Foodservice,CookieDough,Low,35-44,Male,374.83514364369944,5.2,1949.1427469472371,0.22,428.81140432839214,2022-04
2022-03-01,South,Club,NonDairy_Chocolate,Lower-Middle,25-34,Male,421.0620153502076,6.3,2652.690696706308,0.31000000000000005,822.3341159789555,2022-03
2022-04-01,Midwest,Online,Mint,Lower-Middle,35-44,Male,309.3872964649194,5.5,1701.6301305570569,0.31999999999999995,544.5216417782581,2022-04
2023-09-01,Northeast,Club,Strawberry,Upper-Middle,55-64,Male,547.0687156365761,4.95,2707.990142401052,0.26,704.0774370242735,2023-09
2021-02-01,South,Club,CookieDough,High,25-34,Female,1067.8154280210504,5.8500000000000005,6246.720253923145,0.30000000000000004,1874.0160761769437,2021-02
2022-04-01,Northeast,Online,Strawberry,Lower-Middle,45-54,Male,331.4939210372594,5.5,1823.2165657049266,0.32999999999999996,601.6614666826257,2022-04
2020-07-01,West,Club,Strawberry,Low,45-54,Female,658.632374309915,4.95,3260.2302528340792,0.26,847.6598657368606,2020-07
2022-09-01,Northeast,Grocery,Mint,Upper-Middle,45-54,Female,510.31366019949974,5.5,2806.725131097249,0.27,757.8157853962572,2022-09
2024-05-01,International,Foodservice,LowCal_Protein_Scoop,Upper-Middle,18-24,Other/Non-binary,72.08946471215171,5.2,374.8652165031889,0.21000000000000002,78.72169546566967,2024-05
2021-08-01,Midwest,Convenience,Vanilla,Upper-Middle,45-54,Female,652.322849708208,6.050000000000001,3946.5532407346586,0.25,986.6383101836647,2021-08
2024-01-01,South,Club,CookieDough,Lower-Middle,35-44,Male,800.2076701050993,5.8500000000000005,4681.214870114832,0.30000000000000004,1404.3644610344497,2024-01
2021-11-01,International,Club,Vanilla,Lower-Middle,65+,Male,383.5297741055762,4.95,1898.4723818226023,0.28,531.5722669103287,2021-11
2023-02-01,Midwest,Club,LowCal_Protein_Scoop,Low,65+,Female,447.11260011400026,5.8500000000000005,2615.608710666902,0.29000000000000004,758.5265260934017,2023-02
2021-03-01,West,Convenience,Mint,Upper-Middle,18-24,Male,473.73412628710935,6.050000000000001,2866.091464037012,0.22,630.5401220881427,2021-03
2022-06-01,International,Grocery,Chocolate,Upper-Middle,25-34,Male,629.0265081381968,6.0,3774.1590488291813,0.3,1132.2477146487543,2022-06
2022-03-01,Midwest,Foodservice,LowCal_Protein_Scoop,Low,18-24,Female,152.89210350779848,5.2,795.0389382405522,0.21000000000000002,166.95817703051597,2022-03
2020-04-01,Northeast,Grocery,NonDairy_Chocolate,Low,55-64,Other/Non-binary,507.2530905224385,7.0,3550.7716336570697,0.32999999999999996,1171.7546391068329,2020-04
2023-12-01,Northeast,Foodservice,Strawberry,Upper-Middle,25-34,Other/Non-binary,158.6808314943624,4.4,698.1956585751946,0.18000000000000002,125.67521854353504,2023-12
2021-12-01,West,Grocery,NonDairy_Chocolate,Lower-Middle,45-54,Female,532.5398425613888,7.0,3727.7788979297216,0.32999999999999996,1230.167036316808,2021-12
2024-10-01,West,Convenience,Chocolate,Lower-Middle,55-64,Male,926.8509848197183,6.6000000000000005,6117.216499810142,0.25,1529.3041249525354,2024-10
2023-03-01,Northeast,Foodservice,LowCal_Protein_Scoop,Upper-Middle,18-24,Other/Non-binary,160.64412215809188,5.2,835.3494352220778,0.21000000000000002,175.42338139663636,2023-03
2023-09-01,South,Foodservice,Mint,Lower-Middle,35-44,Male,107.41497976780184,4.4,472.62591097832814,0.17,80.3464048663158,2023-09
2020-01-01,West,Club,LowCal_Protein_Scoop,Upper-Middle,55-64,Male,710.3202014185003,5.8500000000000005,4155.373178298228,0.29000000000000004,1205.0582217064862,2020-01
2022-06-01,Northeast,Foodservice,CookieDough,Low,25-34,Female,279.3734757017719,5.2,1452.7420736492138,0.22,319.603256202827,2022-06
2021-02-01,West,Club,Vanilla,High,25-34,Other/Non-binary,881.4344629456788,4.95,4363.10059158111,0.28,1221.668165642711,2021-02
2022-04-01,South,Grocery,Strawberry,Low,25-34,Female,1221.5949757811654,5.5,6718.77236679641,0.27999999999999997,1881.2562627029947,2022-04
2020-09-01,West,Online,Chocolate,Lower-Middle,18-24,Other/Non-binary,493.0429389009698,6.0,2958.2576334058185,0.35,1035.3901716920363,2020-09
2024-10-01,West,Club,Vanilla,High,65+,Male,712.5609905151084,4.95,3527.1769030497867,0.28,987.6095328539403,2024-10
2022-04-01,West,Online,Mint,Upper-Middle,45-54,Female,369.13196951839757,5.5,2030.2258323511867,0.31999999999999995,649.6722663523797,2022-04
2022-10-01,South,Foodservice,Strawberry,Lower-Middle,55-64,Other/Non-binary,145.82379506894026,4.4,641.6246983033371,0.18000000000000002,115.4924456946007,2022-10
2024-10-01,International,Convenience,NonDairy_Chocolate,Low,65+,Other/Non-binary,146.10958135104752,7.700000000000001,1125.043776403066,0.28,315.0122573928585,2024-10
2024-05-01,South,Online,CookieDough,Upper-Middle,45-54,Male,612.3657248806733,6.5,3980.377211724376,0.37,1472.7395683380191,2024-05
2024-12-01,South,Online,LowCal_Protein_Scoop,Low,35-44,Male,227.16136133737015,6.5,1476.548848692906,0.36,531.5575855294461,2024-12
2021-11-01,South,Online,CookieDough,Lower-Middle,55-64,Other/Non-binary,474.8336123862707,6.5,3086.4184805107598,0.37,1141.9748377889812,2021-11
2021-06-01,West,Foodservice,Chocolate,High,18-24,Other/Non-binary,379.784645988377,4.800000000000001,1822.96630074421,0.2,364.59326014884203,2021-06
2021-02-01,South,Grocery,LowCal_Protein_Scoop,Upper-Middle,65+,Female,793.386320342395,6.5,5157.011082225567,0.31,1598.6734354899259,2021-02
2022-03-01,Midwest,Convenience,LowCal_Protein_Scoop,High,45-54,Female,490.3415461269523,7.15,3505.942054807709,0.26,911.5449342500044,2022-03
2021-09-01,Northeast,Club,Vanilla,Low,18-24,Female,685.3287344336518,4.95,3392.3772354465764,0.28,949.8656259250415,2021-09
2024-06-01,Northeast,Grocery,Vanilla,Lower-Middle,65+,Female,1142.353773102389,5.5,6282.945752063139,0.3,1884.8837256189415,2024-06
2022-06-01,South,Club,Vanilla,Lower-Middle,45-54,Female,1101.7808290191374,4.95,5453.815103644731,0.28,1527.0682290205248,2022-06
2024-01-01,Northeast,Online,Vanilla,Low,18-24,Male,429.68234277510203,5.5,2363.252885263061,0.35,827.1385098420714,2024-01
2021-02-01,West,Convenience,CookieDough,High,65+,Male,1216.8979254609735,7.15,8700.82016704596,0.27,2349.2214451024092,2021-02
2022-04-01,South,Online,Strawberry,High,65+,Female,415.9799730861665,5.5,2287.889851973916,0.32999999999999996,755.0036511513922,2022-04
2024-10-01,Northeast,Convenience,Strawberry,Lower-Middle,65+,Male,532.687708100332,6.050000000000001,3222.760634007009,0.23,741.2349458216121,2024-10
2021-07-01,International,Convenience,CookieDough,Low,65+,Female,384.51569437943317,7.15,2749.2872148129472,0.27,742.3075479994958,2021-07
2023-09-01,Northeast,Foodservice,CookieDough,Low,25-34,Other/Non-binary,194.49696517574793,5.2,1011.3842189138893,0.22,222.50452816105565,2023-09
2021-08-01,South,Convenience,LowCal_Protein_Scoop,Lower-Middle,55-64,Male,574.8856499325436,7.15,4110.432397017687,0.26,1068.7124232245988,2021-08
2020-10-01,South,Grocery,LowCal_Protein_Scoop,Low,45-54,Male,626.3813478726229,6.5,4071.4787611720485,0.31,1262.158415963335,2020-10
2020-10-01,Northeast,Convenience,Chocolate,Upper-Middle,25-34,Other/Non-binary,605.6336897657377,6.6000000000000005,3997.182352453869,0.25,999.2955881134673,2020-10
2024-10-01,South,Foodservice,NonDairy_Chocolate,Lower-Middle,18-24,Other/Non-binary,94.80106313318146,5.6000000000000005,530.8859535458162,0.23,122.10376931553772,2024-10
2020-05-01,West,Foodservice,Chocolate,Low,35-44,Other/Non-binary,359.658377755029,4.800000000000001,1726.3602132241394,0.2,345.27204264482793,2020-05
2020-01-01,South,Grocery,NonDairy_Chocolate,Upper-Middle,55-64,Other/Non-binary,475.2544019099417,7.0,3326.7808133695917,0.32999999999999996,1097.837668411965,2020-01
2024-05-01,South,Online,Strawberry,High,25-34,Male,454.4418367533117,5.5,2499.4301021432143,0.32999999999999996,824.8119337072607,2024-05
2020-04-01,Northeast,Foodservice,Vanilla,Low,18-24,Female,222.29176999006606,4.4,978.0837879562907,0.2,195.61675759125816,2020-04
2021-08-01,Northeast,Grocery,Chocolate,Lower-Middle,45-54,Male,879.2043049404709,6.0,5275.225829642825,0.3,1582.5677488928475,2021-08
2020-10-01,South,Grocery,LowCal_Protein_Scoop,Lower-Middle,25-34,Male,569.4690150024713,6.5,3701.5485975160636,0.31,1147.4800652299798,2020-10
2023-04-01,West,Grocery,CookieDough,Upper-Middle,45-54,Male,1851.3945109900114,6.5,12034.064321435075,0.32,3850.900582859224,2023-04
2022-09-01,International,Grocery,Strawberry,Upper-Middle,45-54,Male,369.0530853935379,5.5,2029.7919696644585,0.27999999999999997,568.3417515060484,2022-09
2022-06-01,International,Foodservice,Mint,Upper-Middle,35-44,Female,59.07480181395909,4.4,259.92912798142004,0.17,44.18795175684141,2022-06
2023-01-01,Midwest,Club,Vanilla,High,35-44,Other/Non-binary,764.358646365723,4.95,3783.575299510329,0.28,1059.4010838628922,2023-01
2023-03-01,West,Convenience,LowCal_Protein_Scoop,Lower-Middle,65+,Male,625.714613864611,7.15,4473.859489131969,0.26,1163.203467174312,2023-03
2023-11-01,Midwest,Online,Strawberry,Upper-Middle,45-54,Male,222.43358561055547,5.5,1223.384720858055,0.32999999999999996,403.7169578831581,2023-11
2024-09-01,West,Club,Mint,Lower-Middle,55-64,Other/Non-binary,396.4172571392819,4.95,1962.2654228394456,0.25,490.5663557098614,2024-09
2021-07-01,South,Club,NonDairy_Chocolate,Upper-Middle,55-64,Male,467.4256165713419,6.3,2944.781384399454,0.31000000000000005,912.882229163831,2021-07
2020-11-01,Midwest,Convenience,Strawberry,Lower-Middle,18-24,Other/Non-binary,382.9701359946881,6.050000000000001,2316.9693227678636,0.23,532.9029442366086,2020-11
2024-08-01,West,Club,NonDairy_Chocolate,Lower-Middle,25-34,Female,353.70367349742037,6.3,2228.3331430337485,0.31000000000000005,690.7832743404622,2024-08
2023-01-01,International,Club,Mint,Lower-Middle,35-44,Female,204.01783605144485,4.95,1009.8882884546521,0.25,252.47207211366302,2023-01
2020-12-01,West,Grocery,NonDairy_Chocolate,Lower-Middle,18-24,Other/Non-binary,549.964774189278,7.0,3849.753419324946,0.32999999999999996,1270.4186283772322,2020-12
2020-12-01,West,Foodservice,Vanilla,Upper-Middle,55-64,Male,207.33104785729606,4.4,912.2566105721028,0.2,182.45132211442058,2020-12
2024-07-01,Midwest,Grocery,Chocolate,Upper-Middle,45-54,Other/Non-binary,1247.7335888929706,6.0,7486.401533357824,0.3,2245.920460007347,2024-07
2023-05-01,Northeast,Club,LowCal_Protein_Scoop,Lower-Middle,18-24,Male,720.0698009556162,5.8500000000000005,4212.408335590355,0.29000000000000004,1221.598417321203,2023-05
2024-10-01,Midwest,Foodservice,Strawberry,High,45-54,Female,95.84248823869164,4.4,421.7069482502433,0.18000000000000002,75.90725068504379,2024-10
2020-11-01,West,Grocery,NonDairy_Chocolate,Lower-Middle,45-54,Male,542.7811380145984,7.0,3799.4679661021883,0.32999999999999996,1253.824428813722,2020-11
2022-07-01,West,Foodservice,LowCal_Protein_Scoop,Upper-Middle,65+,Other/Non-binary,135.3843819010125,5.2,703.998785885265,0.21000000000000002,147.83974503590565,2022-07
2021-08-01,West,Online,Strawberry,Lower-Middle,55-64,Female,369.7147337057559,5.5,2033.4310353816575,0.32999999999999996,671.0322416759469,2021-08
2020-07-01,South,Online,Strawberry,Lower-Middle,55-64,Male,402.8083879485176,5.5,2215.446133716847,0.32999999999999996,731.0972241265594,2020-07
2020-08-01,Midwest,Online,Mint,Upper-Middle,35-44,Male,205.880681335143,5.5,1132.3437473432866,0.31999999999999995,362.34999914985167,2020-08
2023-05-01,West,Grocery,NonDairy_Chocolate,High,18-24,Female,720.6819401427629,7.0,5044.77358099934,0.32999999999999996,1664.7752817297821,2023-05
2021-08-01,International,Grocery,CookieDough,Low,55-64,Male,584.0293368647962,6.5,3796.190689621175,0.32,1214.781020678776,2021-08
2022-04-01,South,Club,NonDairy_Chocolate,Upper-Middle,35-44,Female,483.71334144503055,6.3,3047.394051103692,0.31000000000000005,944.6921558421448,2022-04
2022-07-01,West,Online,CookieDough,Lower-Middle,55-64,Female,536.9546174731929,6.5,3490.205013575754,0.37,1291.375855023029,2022-07
2022-09-01,Midwest,Grocery,Vanilla,Low,25-34,Female,862.759622834428,5.5,4745.177925589354,0.3,1423.5533776768063,2022-09
2022-01-01,Midwest,Online,Chocolate,Lower-Middle,35-44,Female,424.91806083900326,6.0,2549.5083650340193,0.35,892.3279277619067,2022-01
2021-07-01,South,Online,Chocolate,High,65+,Female,528.8867651152923,6.0,3173.3205906917538,0.35,1110.6622067421138,2021-07
2020-09-01,Midwest,Foodservice,Mint,High,45-54,Male,87.10569500567375,4.4,383.26505802496456,0.17,65.15505986424398,2020-09
2023-11-01,South,Convenience,CookieDough,High,25-34,Female,813.401920051039,7.15,5815.82372836493,0.27,1570.272406658531,2023-11
2023-04-01,International,Foodservice,Strawberry,High,55-64,Other/Non-binary,106.70235077984253,4.4,469.49034343130717,0.18000000000000002,84.5082618176353,2023-04
2022-07-01,Northeast,Club,CookieDough,Lower-Middle,55-64,Other/Non-binary,945.8671271666518,5.8500000000000005,5533.322693924913,0.30000000000000004,1659.9968081774743,2022-07
2022-03-01,Northeast,Club,Vanilla,High,45-54,Female,773.7908673642003,4.95,3830.2647934527913,0.28,1072.4741421667816,2022-03
2024-11-01,Northeast,Foodservice,NonDairy_Chocolate,High,55-64,Male,77.6125079770103,5.6000000000000005,434.6300446712577,0.23,99.96491027438927,2024-11
2024-10-01,Midwest,Club,LowCal_Protein_Scoop,High,35-44,Male,373.66787712234355,5.8500000000000005,2185.95708116571,0.29000000000000004,633.9275535380559,2024-10
2023-07-01,Midwest,Convenience,Mint,High,65+,Male,349.01777209736764,6.050000000000001,2111.5575211890746,0.22,464.54265466159643,2023-07
2021-07-01,South,Foodservice,Chocolate,Upper-Middle,65+,Female,250.72232780503754,4.800000000000001,1203.4671734641804,0.2,240.6934346928361,2021-07
2021-10-01,South,Convenience,NonDairy_Chocolate,High,55-64,Female,279.2162854412812,7.700000000000001,2149.9653978978654,0.28,601.9903114114023,2021-10
2024-11-01,West,Convenience,NonDairy_Chocolate,Lower-Middle,55-64,Male,294.8095459082154,7.700000000000001,2270.033503493259,0.28,635.6093809781127,2024-11
2020-08-01,Midwest,Grocery,CookieDough,Lower-Middle,18-24,Other/Non-binary,747.0980777200647,6.5,4856.137505180421,0.32,1553.9640016577346,2020-08
2021-12-01,Northeast,Club,Chocolate,Lower-Middle,45-54,Other/Non-binary,836.4870000115294,5.4,4517.029800062259,0.28,1264.7683440174326,2021-12
2022-07-01,South,Online,CookieDough,High,18-24,Other/Non-binary,494.39979995238616,6.5,3213.59869969051,0.37,1189.0315188854886,2022-07
2024-01-01,South,Online,LowCal_Protein_Scoop,Upper-Middle,55-64,Female,284.34455421663256,6.5,1848.2396024081118,0.36,665.3662568669203,2024-01
2024-09-01,International,Convenience,Mint,Lower-Middle,35-44,Female,170.0703473064678,6.050000000000001,1028.9256012041303,0.22,226.36363226490866,2024-09
2024-06-01,Northeast,Foodservice,Vanilla,Low,25-34,Male,177.03452489602884,4.4,778.951909542527,0.2,155.79038190850542,2024-06
2023-05-01,Northeast,Grocery,Chocolate,High,18-24,Other/Non-binary,1216.6853560969178,6.0,7300.112136581507,0.3,2190.033640974452,2023-05
2023-11-01,International,Online,Strawberry,High,65+,Male,149.88729743195313,5.5,824.3801358757422,0.32999999999999996,272.0454448389949,2023-11
2022-11-01,Midwest,Club,Chocolate,High,35-44,Male,626.1093517330978,5.4,3380.9904993587284,0.28,946.677339820444,2022-11
2023-03-01,South,Foodservice,Mint,High,35-44,Other/Non-binary,167.75833820922725,4.4,738.1366881206,0.17,125.483236980502,2023-03
2020-07-01,Midwest,Foodservice,CookieDough,Lower-Middle,45-54,Other/Non-binary,185.30683026332633,5.2,963.595517369297,0.22,211.99101382124533,2020-07
2024-04-01,International,Club,Vanilla,Lower-Middle,65+,Male,442.54390994951507,4.95,2190.5923542500996,0.28,613.3658591900279,2024-04
2023-02-01,Midwest,Convenience,Strawberry,High,18-24,Female,450.84535583303057,6.050000000000001,2727.6144027898354,0.23,627.3513126416622,2023-02
2020-10-01,South,Convenience,Chocolate,Low,18-24,Male,778.1800771992939,6.6000000000000005,5135.98850951534,0.25,1283.997127378835,2020-10
2022-09-01,International,Foodservice,LowCal_Protein_Scoop,High,65+,Other/Non-binary,53.36326213412541,5.2,277.48896309745214,0.21000000000000002,58.27268225046495,2022-09
2020-10-01,South,Convenience,Vanilla,Lower-Middle,45-54,Female,732.2146826903476,6.050000000000001,4429.898830276603,0.25,1107.4747075691507,2020-10
2021-01-01,International,Foodservice,Chocolate,High,35-44,Female,131.53716730549087,4.800000000000001,631.3784030663562,0.2,126.27568061327125,2021-01
2022-12-01,West,Grocery,Mint,Lower-Middle,35-44,Other/Non-binary,772.0528815612903,5.5,4246.290848587097,0.27,1146.4985291185162,2022-12
2021-11-01,International,Online,Strawberry,High,65+,Female,126.17402722982732,5.5,693.9571497640502,0.32999999999999996,229.00585942213655,2021-11
2022-11-01,Northeast,Grocery,Chocolate,Lower-Middle,25-34,Male,1018.2387505919207,6.0,6109.432503551525,0.3,1832.8297510654575,2022-11
2021-04-01,Northeast,Online,Vanilla,Low,45-54,Male,390.71020423497026,5.5,2148.9061232923364,0.35,752.1171431523177,2021-04
2020-02-01,South,Foodservice,Vanilla,Upper-Middle,65+,Female,215.86247084774735,4.4,949.7948717300884,0.2,189.9589743460177,2020-02
2020-05-01,Midwest,Convenience,Chocolate,Lower-Middle,45-54,Other/Non-binary,930.3672019644322,6.6000000000000005,6140.423532965253,0.25,1535.1058832413132,2020-05
2023-05-01,South,Grocery,NonDairy_Chocolate,Lower-Middle,35-44,Other/Non-binary,751.1164859115404,7.0,5257.8154013807825,0.32999999999999996,1735.079082455658,2023-05
2023-10-01,International,Online,LowCal_Protein_Scoop,Lower-Middle,55-64,Other/Non-binary,104.88340813993253,6.5,681.7421529095615,0.36,245.42717504744212,2023-10
2023-09-01,West,Online,LowCal_Protein_Scoop,Lower-Middle,35-44,Male,272.43559949693065,6.5,1770.8313967300492,0.36,637.4993028228176,2023-09
2022-01-01,Northeast,Club,CookieDough,Lower-Middle,45-54,Male,949.4700395254873,5.8500000000000005,5554.399731224102,0.30000000000000004,1666.3199193672308,2022-01
2023-10-01,International,Grocery,Strawberry,Low,35-44,Male,269.54195459491825,5.5,1482.4807502720505,0.27999999999999997,415.0946100761741,2023-10
2021-12-01,West,Convenience,Mint,High,45-54,Male,518.7595906939523,6.050000000000001,3138.495523698412,0.22,690.4690152136507,2021-12
2020-06-01,West,Convenience,Chocolate,Lower-Middle,45-54,Other/Non-binary,1140.5580696582892,6.6000000000000005,7527.683259744709,0.25,1881.9208149361773,2020-06
2020-06-01,International,Convenience,Vanilla,High,65+,Female,413.6477304861272,6.050000000000001,2502.56876944107,0.25,625.6421923602675,2020-06
2021-07-01,West,Online,NonDairy_Chocolate,Lower-Middle,45-54,Other/Non-binary,230.96396508036912,7.0,1616.7477555625837,0.38,614.3641471137819,2021-07
2023-03-01,West,Online,NonDairy_Chocolate,High,18-24,Female,248.95617280436338,7.0,1742.6932096305436,0.38,662.2234196596066,2023-03
2020-11-01,International,Foodservice,LowCal_Protein_Scoop,Upper-Middle,65+,Male,47.485257572939425,5.2,246.923339379285,0.21000000000000002,51.85390126964986,2020-11
2024-04-01,South,Foodservice,LowCal_Protein_Scoop,Low,45-54,Male,169.5589838179094,5.2,881.7067158531289,0.21000000000000002,185.15841032915708,2024-04
2022-01-01,International,Foodservice,Mint,High,25-34,Female,71.23634754532218,4.4,313.4399291994176,0.17,53.28478796390099,2022-01
2020-11-01,South,Foodservice,NonDairy_Chocolate,Lower-Middle,35-44,Female,100.13092230280706,5.6000000000000005,560.7331648957196,0.23,128.9686279260155,2020-11
2024-08-01,South,Club,Chocolate,Upper-Middle,25-34,Other/Non-binary,877.8671385799631,5.4,4740.482548331801,0.28,1327.3351135329044,2024-08
2021-12-01,Northeast,Convenience,Vanilla,High,45-54,Other/Non-binary,657.4846746521334,6.050000000000001,3977.7822816454077,0.25,994.4455704113519,2021-12
2021-05-01,International,Grocery,Vanilla,Low,55-64,Male,598.3489647317022,5.5,3290.919306024362,0.3,987.2757918073086,2021-05
2023-03-01,Northeast,Club,NonDairy_Chocolate,Low,25-34,Other/Non-binary,460.48512126078214,6.3,2901.056263942927,0.31000000000000005,899.3274418223076,2023-03
2021-04-01,Midwest,Convenience,CookieDough,Lower-Middle,25-34,Other/Non-binary,851.8065913680605,7.15,6090.417128281632,0.27,1644.4126246360408,2021-04
2021-06-01,Northeast,Convenience,Vanilla,Lower-Middle,35-44,Female,796.1705341200277,6.050000000000001,4816.8317314261685,0.25,1204.2079328565421,2021-06
2024-05-01,Midwest,Foodservice,Strawberry,Lower-Middle,35-44,Male,139.45119493338106,4.4,613.5852577068767,0.18000000000000002,110.44534638723783,2024-05
2020-10-01,Midwest,Club,CookieDough,Low,45-54,Other/Non-binary,732.1860408757169,5.8500000000000005,4283.288339122944,0.30000000000000004,1284.9865017368834,2020-10
2023-01-01,South,Foodservice,CookieDough,Lower-Middle,25-34,Female,213.61307530765518,5.2,1110.787991599807,0.22,244.37335815195752,2023-01
2023-11-01,Northeast,Convenience,Chocolate,Low,45-54,Female,589.4278037754475,6.6000000000000005,3890.223504917954,0.25,972.5558762294885,2023-11
2024-09-01,Northeast,Online,Mint,Low,35-44,Male,212.4143976192557,5.5,1168.2791869059065,0.31999999999999995,373.84933980989,2024-09
2020-09-01,International,Club,Mint,High,55-64,Female,232.9984098703005,4.95,1153.3421288579875,0.25,288.3355322144969,2020-09
2024-04-01,International,Grocery,LowCal_Protein_Scoop,Upper-Middle,45-54,Male,339.26027064768886,6.5,2205.1917592099776,0.31,683.609445355093,2024-04
2024-09-01,International,Online,CookieDough,Low,55-64,Female,159.09036134253572,6.5,1034.087348726482,0.37,382.61231902879837,2024-09
2021-09-01,Northeast,Grocery,LowCal_Protein_Scoop,Low,45-54,Male,491.57776165482267,6.5,3195.2554507563473,0.31,990.5291897344676,2021-09
2023-12-01,Midwest,Convenience,CookieDough,Lower-Middle,65+,Other/Non-binary,537.4765612273436,7.15,3842.957412775507,0.27,1037.598501449387,2023-12
2020-02-01,Midwest,Foodservice,CookieDough,Lower-Middle,25-34,Male,183.0500263943861,5.2,951.8601372508077,0.22,209.4092301951777,2020-02
2021-08-01,International,Convenience,Vanilla,Lower-Middle,25-34,Male,294.3338348724644,6.050000000000001,1780.71970097841,0.25,445.1799252446025,2021-08
2024-09-01,Northeast,Club,LowCal_Protein_Scoop,Low,55-64,Other/Non-binary,443.20587126777576,5.8500000000000005,2592.7543469164884,0.29000000000000004,751.8987606057817,2024-09
2024-07-01,Midwest,Foodservice,LowCal_Protein_Scoop,Low,65+,Female,144.6684570408517,5.2,752.2759766124288,0.21000000000000002,157.97795508861006,2024-07
2024-02-01,Midwest,Club,Strawberry,High,35-44,Other/Non-binary,594.1886926068961,4.95,2941.2340284041356,0.26,764.7208473850753,2024-02
2021-05-01,West,Foodservice,Chocolate,High,45-54,Male,357.11819083522084,4.800000000000001,1714.1673160090604,0.2,342.8334632018121,2021-05
2020-02-01,West,Grocery,Chocolate,Upper-Middle,35-44,Female,1883.9023567934696,6.0,11303.414140760819,0.3,3391.0242422282454,2020-02
2023-06-01,International,Convenience,Chocolate,Low,55-64,Female,550.7223142543543,6.6000000000000005,3634.7672740787384,0.25,908.6918185196846,2023-06
2020-08-01,West,Convenience,Strawberry,Low,65+,Other/Non-binary,512.0724918170461,6.050000000000001,3098.038575493129,0.23,712.5488723634197,2020-08
2021-08-01,Northeast,Club,Strawberry,High,45-54,Other/Non-binary,653.1039923328626,4.95,3232.86476204767,0.26,840.5448381323943,2021-08
2021-06-01,International,Convenience,NonDairy_Chocolate,Upper-Middle,35-44,Male,212.80359873462902,7.700000000000001,1638.5877102566437,0.28,458.8045588718603,2021-06
2023-09-01,West,Online,NonDairy_Chocolate,Lower-Middle,45-54,Other/Non-binary,219.87100483045222,7.0,1539.0970338131656,0.38,584.8568728490029,2023-09
2021-03-01,South,Grocery,Strawberry,High,65+,Male,856.3903711382134,5.5,4710.147041260174,0.27999999999999997,1318.8411715528484,2021-03
2021-11-01,Midwest,Foodservice,CookieDough,High,45-54,Female,142.01835861203517,5.2,738.4954647825829,0.22,162.46900225216822,2021-11
2024-04-01,Midwest,Grocery,Chocolate,Upper-Middle,65+,Male,1185.6946418902846,6.0,7114.167851341708,0.3,2134.2503554025125,2024-04
2024-09-01,Northeast,Online,LowCal_Protein_Scoop,Low,18-24,Female,251.34274182479444,6.5,1633.7278218611639,0.36,588.142015870019,2024-09
2022-02-01,International,Foodservice,CookieDough,High,25-34,Other/Non-binary,99.37156346001339,5.2,516.7321299920696,0.22,113.68106859825532,2022-02
2024-11-01,Northeast,Online,NonDairy_Chocolate,Lower-Middle,45-54,Female,156.8446590571143,7.0,1097.9126133998002,0.38,417.20679309192406,2024-11
2022-04-01,Midwest,Convenience,Strawberry,Low,18-24,Other/Non-binary,511.15920096460474,6.050000000000001,3092.513165835859,0.23,711.2780281422476,2022-04
2021-02-01,South,Online,LowCal_Protein_Scoop,High,18-24,Other/Non-binary,373.3602017184261,6.5,2426.8413111697696,0.36,873.662872021117,2021-02
2022-02-01,West,Club,Vanilla,Lower-Middle,55-64,Other/Non-binary,1114.2388676382657,4.95,5515.482394809415,0.28,1544.3350705466364,2022-02
2021-03-01,West,Grocery,Chocolate,High,65+,Other/Non-binary,1664.6191382842815,6.0,9987.714829705688,0.3,2996.314448911706,2021-03
2024-03-01,International,Grocery,Vanilla,Low,55-64,Female,524.7248202212284,5.5,2885.986511216756,0.3,865.7959533650268,2024-03
2020-11-01,South,Convenience,CookieDough,High,45-54,Other/Non-binary,640.4512996702193,7.15,4579.226792642068,0.27,1236.3912340133586,2020-11
2021-06-01,International,Grocery,Mint,Lower-Middle,18-24,Other/Non-binary,339.29096514406194,5.5,1866.1003082923407,0.27,503.84708323893204,2021-06
2021-03-01,West,Online,Chocolate,Upper-Middle,18-24,Female,552.3200543289983,6.0,3313.9203259739897,0.35,1159.8721140908963,2021-03
2023-02-01,International,Convenience,Strawberry,Lower-Middle,18-24,Other/Non-binary,353.9742733007084,6.050000000000001,2141.544353469286,0.23,492.55520129793575,2023-02
2023-04-01,International,Convenience,LowCal_Protein_Scoop,Low,25-34,Female,344.0217370748563,7.15,2459.7554200852223,0.26,639.5364092221579,2023-04
2022-11-01,West,Club,NonDairy_Chocolate,High,45-54,Female,421.1931295967837,6.3,2653.5167164597374,0.31000000000000005,822.5901821025187,2022-11
2024-05-01,West,Convenience,Chocolate,Low,25-34,Female,1199.3106098935318,6.6000000000000005,7915.45002529731,0.25,1978.8625063243276,2024-05
2024-06-01,South,Online,LowCal_Protein_Scoop,High,25-34,Male,315.42103944248663,6.5,2050.236756376163,0.36,738.0852322954187,2024-06
2022-07-01,Midwest,Grocery,NonDairy_Chocolate,Upper-Middle,65+,Other/Non-binary,462.86560533002256,7.0,3240.059237310158,0.32999999999999996,1069.2195483123521,2022-07
2021-08-01,West,Club,Strawberry,Lower-Middle,35-44,Female,553.4699167415554,4.95,2739.676087870699,0.26,712.3157828463818,2021-08
2022-08-01,South,Online,CookieDough,Low,25-34,Male,405.61731677540416,6.5,2636.512559040127,0.37,975.509646844847,2022-08
2024-12-01,Northeast,Grocery,CookieDough,Low,25-34,Male,1170.9193257394434,6.5,7610.9756173063815,0.32,2435.512197538042,2024-12
2023-01-01,International,Convenience,Vanilla,Upper-Middle,35-44,Other/Non-binary,356.2048785603829,6.050000000000001,2155.0395152903166,0.25,538.7598788225791,2023-01
2023-12-01,West,Foodservice,Chocolate,High,25-34,Male,297.8936575666951,4.800000000000001,1429.8895563201365,0.2,285.97791126402734,2023-12
2020-02-01,International,Club,NonDairy_Chocolate,Upper-Middle,65+,Male,213.1292107716842,6.3,1342.7140278616105,0.31000000000000005,416.2413486370993,2020-02
2021-06-01,Midwest,Online,Vanilla,High,65+,Male,402.9505126280287,5.5,2216.2278194541577,0.35,775.6797368089551,2021-06
2023-05-01,South,Grocery,Chocolate,Low,35-44,Other/Non-binary,1488.7978257479695,6.0,8932.786954487816,0.3,2679.8360863463445,2023-05
2022-11-01,Northeast,Club,Mint,Low,55-64,Other/Non-binary,399.5422637597501,4.95,1977.734205610763,0.25,494.43355140269074,2022-11
2023-08-01,West,Foodservice,Strawberry,High,65+,Male,170.64988315836712,4.4,750.8594858968154,0.18000000000000002,135.1547074614268,2023-08
2021-05-01,West,Convenience,Strawberry,High,55-64,Female,748.8823113489929,6.050000000000001,4530.737983661407,0.23,1042.0697362421238,2021-05
2022-08-01,Northeast,Club,Strawberry,High,55-64,Other/Non-binary,611.5993837703735,4.95,3027.416949663349,0.26,787.1284069124707,2022-08
2024-09-01,Midwest,Club,Strawberry,Upper-Middle,55-64,Male,542.8163364524603,4.95,2686.9408654396784,0.26,698.6046250143164,2024-09
2024-04-01,South,Foodservice,Mint,Low,65+,Female,182.96672692597835,4.4,805.0535984743047,0.17,136.85911174063182,2024-04
2020-04-01,South,Online,NonDairy_Chocolate,High,18-24,Female,268.9807702145459,7.0,1882.8653915018213,0.38,715.4888487706921,2020-04
2020-06-01,Northeast,Club,Vanilla,High,18-24,Male,1054.12081046884,4.95,5217.898011820758,0.28,1461.0114433098124,2020-06
2024-04-01,Northeast,Grocery,Strawberry,High,35-44,Male,1081.7713957529083,5.5,5949.742676640996,0.27999999999999997,1665.9279494594787,2024-04
2020-11-01,Midwest,Foodservice,LowCal_Protein_Scoop,High,35-44,Female,89.09382340193294,5.2,463.2878816900513,0.21000000000000002,97.29045515491077,2020-11
2021-04-01,International,Online,Vanilla,Upper-Middle,65+,Female,281.30299114013314,5.5,1547.1664512707323,0.35,541.5082579447562,2021-04
2024-07-01,International,Grocery,Strawberry,Lower-Middle,45-54,Female,450.09686070312426,5.5,2475.5327338671837,0.27999999999999997,693.1491654828113,2024-07
2023-12-01,International,Grocery,LowCal_Protein_Scoop,High,45-54,Other/Non-binary,372.6827485352982,6.5,2422.437865479438,0.31,750.9557382986259,2023-12
2024-06-01,West,Convenience,Mint,Upper-Middle,18-24,Male,481.69418189269203,6.050000000000001,2914.249800450787,0.22,641.1349560991731,2024-06
2023-05-01,International,Convenience,CookieDough,Lower-Middle,18-24,Other/Non-binary,472.2769910403815,7.15,3376.780485938728,0.27,911.7307312034566,2023-05
2024-07-01,West,Grocery,Chocolate,Upper-Middle,55-64,Male,1387.7350748350664,6.0,8326.410449010398,0.3,2497.9231347031196,2024-07
2021-08-01,International,Online,NonDairy_Chocolate,Upper-Middle,25-34,Female,106.16517041856049,7.0,743.1561929299235,0.38,282.3993533133709,2021-08
2021-07-01,West,Club,CookieDough,Low,35-44,Male,1136.392370530868,5.8500000000000005,6647.895367605578,0.30000000000000004,1994.3686102816737,2021-07
2023-07-01,Midwest,Grocery,CookieDough,High,65+,Female,943.2082822382063,6.5,6130.853834548341,0.32,1961.8732270554692,2023-07
2022-04-01,West,Club,LowCal_Protein_Scoop,Lower-Middle,35-44,Female,819.5855564964191,5.8500000000000005,4794.575505504053,0.29000000000000004,1390.4268965961755,2022-04
2023-05-01,Northeast,Online,Vanilla,Upper-Middle,18-24,Male,488.2889820681882,5.5,2685.5894013750353,0.35,939.9562904812623,2023-05
2023-03-01,International,Convenience,CookieDough,Upper-Middle,25-34,Other/Non-binary,429.44083810420494,7.15,3070.5019924450653,0.27,829.0355379601676,2023-03
2021-07-01,West,Online,CookieDough,Upper-Middle,45-54,Male,502.6359758361694,6.5,3267.1338429351013,0.37,1208.8395218859876,2021-07
2020-09-01,Northeast,Foodservice,LowCal_Protein_Scoop,Low,18-24,Female,132.15504270395851,5.2,687.2062220605843,0.21000000000000002,144.3133066327227,2020-09
2023-06-01,West,Foodservice,CookieDough,Upper-Middle,18-24,Other/Non-binary,332.1983032497778,5.2,1727.4311768988446,0.22,380.0348589177458,2023-06
2021-11-01,Midwest,Grocery,Strawberry,Lower-Middle,25-34,Female,563.2386118567997,5.5,3097.8123652123986,0.27999999999999997,867.3874622594715,2021-11
2023-10-01,International,Convenience,LowCal_Protein_Scoop,Upper-Middle,25-34,Female,199.42579450445115,7.15,1425.8944307068257,0.26,370.73255198377467,2023-10
2024-08-01,South,Foodservice,LowCal_Protein_Scoop,Low,35-44,Female,155.74125450136836,5.2,809.8545234071155,0.21000000000000002,170.06944991549426,2024-08
2024-11-01,Midwest,Club,CookieDough,Lower-Middle,35-44,Other/Non-binary,731.1503219514,5.8500000000000005,4277.22938341569,0.30000000000000004,1283.168815024707,2024-11
2021-04-01,West,Online,Chocolate,High,45-54,Other/Non-binary,771.4080115442963,6.0,4628.448069265778,0.35,1619.9568242430223,2021-04
2020-05-01,South,Club,Mint,Low,25-34,Other/Non-binary,711.4061844537483,4.95,3521.4606130460543,0.25,880.3651532615136,2020-05
2021-10-01,South,Online,NonDairy_Chocolate,Low,25-34,Other/Non-binary,200.13705579698615,7.0,1400.959390578903,0.38,532.3645684199831,2021-10
2020-01-01,International,Club,Strawberry,Upper-Middle,25-34,Female,334.04077687987694,4.95,1653.501845555391,0.26,429.91047984440166,2020-01
2020-09-01,International,Online,LowCal_Protein_Scoop,High,55-64,Other/Non-binary,138.387694812212,6.5,899.5200162793781,0.36,323.8272058605761,2020-09
2022-10-01,International,Convenience,Mint,Low,45-54,Female,166.3519680636397,6.050000000000001,1006.4294067850203,0.22,221.41446949270448,2022-10
2023-04-01,International,Online,LowCal_Protein_Scoop,High,65+,Male,144.53181456206894,6.5,939.4567946534481,0.36,338.2044460752413,2023-04
2024-10-01,Midwest,Grocery,LowCal_Protein_Scoop,Low,65+,Female,505.03129603799164,6.5,3282.703424246946,0.31,1017.6380615165532,2024-10
2023-10-01,Northeast,Online,Mint,Upper-Middle,55-64,Female,187.33246637872386,5.5,1030.3285650829812,0.31999999999999995,329.70514082655393,2023-10
2022-06-01,International,Foodservice,LowCal_Protein_Scoop,Low,25-34,Female,79.46094436056691,5.2,413.19691067494796,0.21000000000000002,86.77135124173908,2022-06
2020-11-01,Northeast,Club,NonDairy_Chocolate,Lower-Middle,25-34,Female,352.90572085333065,6.3,2223.306041375983,0.31000000000000005,689.2248728265549,2020-11
2024-02-01,South,Grocery,CookieDough,Upper-Middle,45-54,Female,1278.710464524653,6.5,8311.618019410244,0.32,2659.717766211278,2024-02
2022-11-01,West,Foodservice,LowCal_Protein_Scoop,Lower-Middle,35-44,Female,157.04164875719405,5.2,816.6165735374091,0.21000000000000002,171.48948044285592,2022-11
2022-04-01,South,Club,CookieDough,Lower-Middle,18-24,Other/Non-binary,1018.9061490641154,5.8500000000000005,5960.600972025076,0.30000000000000004,1788.180291607523,2022-04
2020-04-01,West,Foodservice,Strawberry,Low,55-64,Male,202.30530606192116,4.4,890.1433466724532,0.18000000000000002,160.2258024010416,2020-04
2021-04-01,Midwest,Club,LowCal_Protein_Scoop,Low,35-44,Female,592.833799531107,5.8500000000000005,3468.0777272569767,0.29000000000000004,1005.7425409045234,2021-04
2024-09-01,South,Club,LowCal_Protein_Scoop,Low,45-54,Female,475.1372234610094,5.8500000000000005,2779.5527572469055,0.29000000000000004,806.0702996016026,2024-09
2023-12-01,South,Foodservice,CookieDough,Upper-Middle,65+,Male,216.88869737918068,5.2,1127.8212263717396,0.22,248.12066980178273,2023-12
2020-12-01,Midwest,Foodservice,Chocolate,Upper-Middle,45-54,Male,229.16558813276956,4.800000000000001,1099.994823037294,0.2,219.99896460745882,2020-12
2021-11-01,South,Club,Mint,Upper-Middle,55-64,Female,405.56242141943846,4.95,2007.5339860262204,0.25,501.8834965065551,2021-11
2020-01-01,West,Foodservice,NonDairy_Chocolate,Lower-Middle,45-54,Other/Non-binary,103.52462148476614,5.6000000000000005,579.7378803146904,0.23,133.3397124723788,2020-01
2021-12-01,West,Online,CookieDough,Upper-Middle,18-24,Other/Non-binary,484.82954009168617,6.5,3151.39201059596,0.37,1166.0150439205051,2021-12
2020-06-01,Northeast,Club,Strawberry,Lower-Middle,18-24,Male,789.7566128680144,4.95,3909.2952336966714,0.26,1016.4167607611346,2020-06
2024-11-01,International,Club,Strawberry,Lower-Middle,45-54,Other/Non-binary,250.52147255526296,4.95,1240.0812891485516,0.26,322.42113517862344,2024-11
2022-11-01,West,Club,Mint,Lower-Middle,65+,Male,532.586726576337,4.95,2636.3042965528684,0.25,659.0760741382171,2022-11
2020-09-01,West,Online,LowCal_Protein_Scoop,Lower-Middle,18-24,Male,315.7420513651326,6.5,2052.323333873362,0.36,738.8364001944103,2020-09
2024-04-01,Midwest,Convenience,Vanilla,Upper-Middle,35-44,Female,839.193378304733,6.050000000000001,5077.119938743635,0.25,1269.2799846859089,2024-04
2022-07-01,Northeast,Club,Mint,Lower-Middle,25-34,Other/Non-binary,442.4511875372294,4.95,2190.1333783092855,0.25,547.5333445773214,2022-07
2021-04-01,Northeast,Grocery,CookieDough,Low,18-24,Male,1221.9195228237386,6.5,7942.476898354301,0.32,2541.592607473376,2021-04
2021-06-01,Northeast,Online,NonDairy_Chocolate,Lower-Middle,55-64,Other/Non-binary,253.23887755104525,7.0,1772.6721428573167,0.38,673.6154142857804,2021-06
2022-08-01,Midwest,Foodservice,Mint,Low,35-44,Male,100.32395951735435,4.4,441.42542187635917,0.17,75.04232171898106,2022-08
2022-09-01,West,Online,Chocolate,High,45-54,Female,535.7750535944781,6.0,3214.6503215668686,0.35,1125.127612548404,2022-09
2023-08-01,International,Grocery,Vanilla,High,55-64,Other/Non-binary,452.9955804357157,5.5,2491.4756923964364,0.3,747.4427077189309,2023-08
2022-06-01,West,Convenience,CookieDough,High,18-24,Male,1123.48150977628,7.15,8032.892794900403,0.27,2168.881054623109,2022-06
2024-06-01,West,Grocery,Chocolate,High,25-34,Male,1713.1856194492782,6.0,10279.113716695669,0.3,3083.7341150087004,2024-06
2020-04-01,West,Convenience,LowCal_Protein_Scoop,High,65+,Female,838.0778718293398,7.15,5992.25678357978,0.26,1557.986763730743,2020-04
2023-02-01,International,Foodservice,Mint,Lower-Middle,65+,Other/Non-binary,73.62830366868856,4.4,323.9645361422297,0.17,55.073971144179055,2023-02
2024-11-01,South,Club,NonDairy_Chocolate,Lower-Middle,65+,Male,329.2140378163119,6.3,2074.048438242765,0.31000000000000005,642.9550158552572,2024-11
2024-09-01,Northeast,Foodservice,LowCal_Protein_Scoop,Lower-Middle,55-64,Male,94.37171964282795,5.2,490.7329421427054,0.21000000000000002,103.05391784996814,2024-09
2021-09-01,South,Grocery,Vanilla,Upper-Middle,25-34,Male,818.9728014326608,5.5,4504.350407879635,0.3,1351.3051223638904,2021-09
2021-10-01,Northeast,Grocery,NonDairy_Chocolate,Low,25-34,Other/Non-binary,478.55517116233204,7.0,3349.8861981363243,0.32999999999999996,1105.462445384987,2021-10
2020-03-01,West,Club,NonDairy_Chocolate,Lower-Middle,55-64,Female,501.5568867132392,6.3,3159.808386293407,0.31000000000000005,979.5405997509563,2020-03
2020-03-01,West,Foodservice,Vanilla,Low,35-44,Male,301.2829025010021,4.4,1325.6447710044094,0.2,265.1289542008819,2020-03
2020-10-01,West,Club,Strawberry,Lower-Middle,18-24,Male,620.3295179825931,4.95,3070.631114013836,0.26,798.3640896435974,2020-10
2021-07-01,Northeast,Grocery,Strawberry,High,55-64,Other/Non-binary,891.9623491720648,5.5,4905.792920446356,0.27999999999999997,1373.6220177249795,2021-07
2020-03-01,International,Online,Chocolate,Upper-Middle,45-54,Female,226.79946820476974,6.0,1360.7968092286185,0.35,476.27888323001645,2020-03
2024-01-01,International,Foodservice,NonDairy_Chocolate,Low,65+,Male,54.993239669167494,5.6000000000000005,307.962142147338,0.23,70.83129269388775,2024-01
2023-06-01,International,Club,Mint,High,55-64,Male,311.2356085594232,4.95,1540.616262369145,0.25,385.15406559228626,2023-06
2020-06-01,Northeast,Foodservice,Mint,Upper-Middle,45-54,Male,149.79039811776744,4.4,659.0777517181767,0.17,112.04321779209005,2020-06
2024-07-01,Midwest,Convenience,CookieDough,Low,35-44,Other/Non-binary,722.6943693391976,7.15,5167.264740775263,0.27,1395.1614800093212,2024-07
2024-03-01,Midwest,Foodservice,Chocolate,Lower-Middle,25-34,Other/Non-binary,247.6147864599095,4.800000000000001,1188.5509750075657,0.2,237.71019500151317,2024-03
2022-02-01,Midwest,Club,NonDairy_Chocolate,Low,65+,Female,373.54401778904185,6.3,2353.3273120709637,0.31000000000000005,729.5314667419989,2022-02
2024-03-01,International,Online,NonDairy_Chocolate,Upper-Middle,25-34,Other/Non-binary,94.79468858090306,7.0,663.5628200663214,0.38,252.15387162520213,2024-03
2024-09-01,Northeast,Foodservice,Strawberry,Low,25-34,Female,137.99619293977182,4.4,607.1832489349961,0.18000000000000002,109.29298480829931,2024-09
2022-06-01,Midwest,Convenience,CookieDough,High,65+,Other/Non-binary,693.9743479705164,7.15,4961.9165879891925,0.27,1339.717478757082,2022-06
2020-11-01,South,Club,LowCal_Protein_Scoop,High,55-64,Other/Non-binary,436.1276861139224,5.8500000000000005,2551.346963766446,0.29000000000000004,739.8906194922695,2020-11
2020-04-01,Northeast,Convenience,Chocolate,Lower-Middle,25-34,Female,861.4170908866489,6.6000000000000005,5685.352799851883,0.25,1421.3381999629707,2020-04
2024-08-01,West,Convenience,Chocolate,High,25-34,Male,804.3714931081388,6.6000000000000005,5308.851854513717,0.25,1327.2129636284292,2024-08
2023-07-01,West,Foodservice,Chocolate,High,18-24,Other/Non-binary,263.25034325287527,4.800000000000001,1263.6016476138016,0.2,252.72032952276032,2023-07
2020-06-01,Northeast,Online,LowCal_Protein_Scoop,Low,55-64,Other/Non-binary,275.9199313058749,6.5,1793.4795534881869,0.36,645.6526392557472,2020-06
2024-09-01,West,Grocery,Strawberry,Low,45-54,Male,880.0930811492552,5.5,4840.511946320904,0.27999999999999997,1355.343344969853,2024-09
2024-06-01,Midwest,Foodservice,Mint,Upper-Middle,25-34,Female,119.50398168641357,4.4,525.8175194202197,0.17,89.38897830143735,2024-06
2024-05-01,West,Convenience,NonDairy_Chocolate,High,65+,Other/Non-binary,546.7356261055187,7.700000000000001,4209.864321012495,0.28,1178.7620098834986,2024-05
2021-05-01,West,Online,Strawberry,Low,18-24,Male,396.20810158742876,5.5,2179.144558730858,0.32999999999999996,719.1177043811831,2021-05
2023-10-01,West,Grocery,Strawberry,High,55-64,Female,803.7475082126765,5.5,4420.6112951697205,0.27999999999999997,1237.7711626475216,2023-10
2022-01-01,International,Club,Strawberry,High,18-24,Other/Non-binary,280.23085267090545,4.95,1387.142720720982,0.26,360.6571073874553,2022-01
2021-05-01,Midwest,Foodservice,CookieDough,Low,45-54,Male,217.90012187089224,5.2,1133.0806337286397,0.22,249.27773942030072,2021-05
2021-01-01,South,Convenience,NonDairy_Chocolate,Lower-Middle,65+,Other/Non-binary,422.40517544401735,7.700000000000001,3252.519850918934,0.28,910.7055582573016,2021-01
2020-03-01,West,Club,CookieDough,Low,65+,Other/Non-binary,1461.4675545443295,5.8500000000000005,8549.585194084328,0.30000000000000004,2564.875558225299,2020-03
2020-06-01,South,Grocery,Vanilla,High,65+,Other/Non-binary,1414.7214260123228,5.5,7780.967843067776,0.3,2334.2903529203327,2020-06
2020-06-01,West,Convenience,Strawberry,High,35-44,Female,672.0142714337555,6.050000000000001,4065.6863421742214,0.23,935.107858700071,2020-06
2024-10-01,International,Convenience,Strawberry,Low,18-24,Female,198.36522906457932,6.050000000000001,1200.109635840705,0.23,276.0252162433622,2024-10
2022-06-01,Northeast,Club,Chocolate,Lower-Middle,18-24,Other/Non-binary,929.0623759400115,5.4,5016.9368300760625,0.28,1404.7423124212976,2022-06
2021-10-01,International,Foodservice,LowCal_Protein_Scoop,Low,65+,Female,48.957922258780165,5.2,254.58119574565686,0.21000000000000002,53.46205110658794,2021-10
2021-06-01,Midwest,Convenience,Chocolate,Upper-Middle,35-44,Other/Non-binary,958.006059838216,6.6000000000000005,6322.839994932226,0.25,1580.7099987330564,2021-06
2024-09-01,Northeast,Online,NonDairy_Chocolate,Upper-Middle,25-34,Male,180.52175770781406,7.0,1263.6523039546985,0.38,480.1878755027854,2024-09
2023-02-01,Northeast,Online,Chocolate,Low,45-54,Male,435.82261656020626,6.0,2614.9356993612373,0.35,915.227494776433,2023-02
2021-03-01,South,Online,LowCal_Protein_Scoop,Upper-Middle,65+,Male,330.02020603814054,6.5,2145.1313392479137,0.36,772.2472821292489,2021-03
2022-02-01,Northeast,Online,Chocolate,Upper-Middle,18-24,Male,500.14067748195987,6.0,3000.8440648917594,0.35,1050.2954227121159,2022-02
2021-11-01,International,Grocery,Vanilla,Lower-Middle,18-24,Male,390.4723642340272,5.5,2147.59800328715,0.3,644.2794009861449,2021-11
2020-12-01,Northeast,Foodservice,NonDairy_Chocolate,Upper-Middle,18-24,Other/Non-binary,76.74099861193221,5.6000000000000005,429.7495922268204,0.23,98.8424062121687,2020-12
2020-06-01,West,Online,NonDairy_Chocolate,Upper-Middle,25-34,Male,301.15937094887244,7.0,2108.115596642107,0.38,801.0839267240007,2020-06
2022-09-01,Midwest,Grocery,Vanilla,Low,18-24,Female,715.818531612424,5.5,3937.0019238683317,0.3,1181.1005771604994,2022-09
2022-06-01,International,Grocery,Chocolate,High,65+,Other/Non-binary,605.6555291152255,6.0,3633.933174691353,0.3,1090.1799524074058,2022-06
2023-01-01,West,Grocery,Mint,High,25-34,Male,804.3041708030905,5.5,4423.672939416998,0.27,1194.3916936425894,2023-01
2022-10-01,Northeast,Foodservice,Strawberry,Upper-Middle,45-54,Male,126.61538813826333,4.4,557.1077078083587,0.18000000000000002,100.27938740550458,2022-10
2021-03-01,International,Grocery,Mint,Upper-Middle,25-34,Other/Non-binary,342.63131460862104,5.5,1884.4722303474157,0.27,508.8075021938023,2021-03
2021-03-01,Midwest,Club,CookieDough,High,18-24,Other/Non-binary,928.4638280580408,5.8500000000000005,5431.513394139539,0.30000000000000004,1629.4540182418618,2021-03
2021-12-01,South,Online,Vanilla,Low,55-64,Male,458.6849052331799,5.5,2522.7669787824893,0.35,882.9684425738712,2021-12
2023-08-01,South,Grocery,Strawberry,Lower-Middle,25-34,Other/Non-binary,879.1138222311703,5.5,4835.126022271436,0.27999999999999997,1353.835286236002,2023-08
2023-05-01,International,Convenience,Vanilla,Low,45-54,Male,375.47942768302744,6.050000000000001,2271.6505374823164,0.25,567.9126343705791,2023-05
2021-12-01,International,Grocery,NonDairy_Chocolate,Lower-Middle,45-54,Female,222.16461631722612,7.0,1555.1523142205829,0.32999999999999996,513.2002636927923,2021-12
2021-02-01,Midwest,Club,NonDairy_Chocolate,Lower-Middle,45-54,Female,400.78669717484536,6.3,2524.9561922015255,0.31000000000000005,782.736419582473,2021-02
2024-08-01,West,Online,Vanilla,Low,18-24,Other/Non-binary,503.99456875336057,5.5,2771.970128143483,0.35,970.189544850219,2024-08
2024-06-01,South,Online,Strawberry,Upper-Middle,18-24,Female,311.99584443283567,5.5,1715.9771443805962,0.32999999999999996,566.2724576455967,2024-06
2024-09-01,West,Grocery,LowCal_Protein_Scoop,Lower-Middle,25-34,Other/Non-binary,578.2597730518776,6.5,3758.688524837204,0.31,1165.1934426995333,2024-09
2023-04-01,Northeast,Club,Chocolate,Upper-Middle,55-64,Female,1090.427105950101,5.4,5888.306372130545,0.28,1648.725784196553,2023-04
2021-05-01,South,Convenience,Mint,Low,35-44,Female,555.0849106924363,6.050000000000001,3358.26370968924,0.22,738.8180161316328,2021-05
2022-12-01,South,Online,Mint,High,18-24,Other/Non-binary,276.75838119422303,5.5,1522.1710965682266,0.31999999999999995,487.09475090183247,2022-12
2021-10-01,International,Convenience,Strawberry,Upper-Middle,65+,Male,243.22779467392556,6.050000000000001,1471.5281577772498,0.23,338.4514762887675,2021-10
2020-03-01,West,Convenience,LowCal_Protein_Scoop,High,45-54,Female,616.445989568179,7.15,4407.58882541248,0.26,1145.973094607245,2020-03
2021-01-01,Northeast,Grocery,Strawberry,High,45-54,Female,849.9959270565361,5.5,4674.977598810949,0.27999999999999997,1308.9937276670655,2021-01
2024-12-01,Midwest,Grocery,Strawberry,Upper-Middle,65+,Female,521.7395006936949,5.5,2869.567253815322,0.27999999999999997,803.4788310682901,2024-12
2020-03-01,Midwest,Club,CookieDough,Lower-Middle,55-64,Other/Non-binary,1085.4307831149479,5.8500000000000005,6349.770081222446,0.30000000000000004,1904.931024366734,2020-03
2023-10-01,South,Club,LowCal_Protein_Scoop,Lower-Middle,25-34,Other/Non-binary,426.40968408819026,5.8500000000000005,2494.4966519159134,0.29000000000000004,723.404029055615,2023-10
2023-02-01,South,Convenience,Vanilla,Lower-Middle,65+,Male,758.2644237252575,6.050000000000001,4587.499763537809,0.25,1146.8749408844521,2023-02
2022-04-01,International,Online,Mint,Lower-Middle,55-64,Female,165.36045751681974,5.5,909.4825163425086,0.31999999999999995,291.0344052296027,2022-04
2023-08-01,Northeast,Convenience,Mint,High,18-24,Male,392.1959746532571,6.050000000000001,2372.7856466522057,0.22,522.0128422634853,2023-08
2020-07-01,Midwest,Grocery,Mint,Upper-Middle,65+,Female,573.2580223535255,5.5,3152.91912294439,0.27,851.2881631949854,2020-07
2020-02-01,International,Online,Chocolate,Low,55-64,Female,280.6449459160536,6.0,1683.8696754963216,0.35,589.3543864237125,2020-02
2022-12-01,International,Foodservice,NonDairy_Chocolate,High,55-64,Male,52.854582402167615,5.6000000000000005,295.9856614521387,0.23,68.0767021339919,2022-12
2021-06-01,West,Club,NonDairy_Chocolate,Upper-Middle,25-34,Female,628.473050828189,6.3,3959.3802202175907,0.31000000000000005,1227.4078682674533,2021-06
2020-12-01,Midwest,Online,Mint,Upper-Middle,55-64,Female,210.50225135689413,5.5,1157.7623824629177,0.31999999999999995,370.4839623881336,2020-12
2021-04-01,International,Convenience,Chocolate,High,65+,Other/Non-binary,576.9862453670033,6.6000000000000005,3808.1092194222224,0.25,952.0273048555556,2021-04
2022-08-01,Northeast,Convenience,CookieDough,Lower-Middle,45-54,Other/Non-binary,818.6276162303606,7.15,5853.187456047079,0.27,1580.3606131327113,2022-08
2021-08-01,South,Grocery,Chocolate,Low,35-44,Female,1357.8204884838945,6.0,8146.922930903367,0.3,2444.07687927101,2021-08
2020-10-01,Northeast,Convenience,Chocolate,Upper-Middle,65+,Other/Non-binary,539.1646068751227,6.6000000000000005,3558.48640537581,0.25,889.6216013439525,2020-10
2022-11-01,Northeast,Convenience,Mint,Lower-Middle,35-44,Other/Non-binary,333.0187740449468,6.050000000000001,2014.7635829719284,0.22,443.24798825382425,2022-11
2023-12-01,South,Convenience,Vanilla,High,35-44,Male,732.7967407676077,6.050000000000001,4433.420281644027,0.25,1108.3550704110069,2023-12
2022-09-01,International,Foodservice,NonDairy_Chocolate,High,25-34,Male,44.533010819818834,5.6000000000000005,249.38486059098548,0.23,57.35851793592666,2022-09
2022-11-01,Northeast,Club,Chocolate,Low,65+,Female,805.091925580516,5.4,4347.496398134786,0.28,1217.2989914777404,2022-11
2024-11-01,Northeast,Grocery,Strawberry,High,45-54,Male,614.6107335656745,5.5,3380.35903461121,0.27999999999999997,946.5005296911387,2024-11
2020-04-01,International,Online,Mint,High,18-24,Other/Non-binary,152.81490282202796,5.5,840.4819655211538,0.31999999999999995,268.95422896676916,2020-04
2022-06-01,Northeast,Online,CookieDough,High,45-54,Male,474.0354880340128,6.5,3081.2306722210833,0.37,1140.0553487218008,2022-06
2022-09-01,International,Grocery,LowCal_Protein_Scoop,High,55-64,Male,315.53822646415784,6.5,2050.998472017026,0.31,635.8095263252781,2022-09
2021-11-01,International,Convenience,Mint,Upper-Middle,18-24,Other/Non-binary,189.0057012168754,6.050000000000001,1143.4844923620963,0.22,251.56658831966118,2021-11
2020-03-01,South,Club,Mint,Lower-Middle,18-24,Other/Non-binary,560.7049611484005,4.95,2775.4895576845825,0.25,693.8723894211456,2020-03
2023-04-01,Northeast,Club,CookieDough,Low,18-24,Female,900.8356857026879,5.8500000000000005,5269.888761360725,0.30000000000000004,1580.9666284082177,2023-04
2024-04-01,South,Grocery,Vanilla,Upper-Middle,45-54,Female,1405.1123019490976,5.5,7728.117660720037,0.3,2318.435298216011,2024-04
2022-10-01,Midwest,Convenience,Chocolate,Low,25-34,Female,579.4498115392967,6.6000000000000005,3824.3687561593583,0.25,956.0921890398396,2022-10
2023-08-01,South,Grocery,LowCal_Protein_Scoop,Lower-Middle,45-54,Other/Non-binary,755.5594811403114,6.5,4911.136627412024,0.31,1522.4523544977274,2023-08
2024-03-01,Midwest,Convenience,LowCal_Protein_Scoop,Low,35-44,Female,585.9761708143526,7.15,4189.729621322621,0.26,1089.3297015438816,2024-03
2022-10-01,Midwest,Grocery,Chocolate,Lower-Middle,18-24,Other/Non-binary,748.8230104415267,6.0,4492.93806264916,0.3,1347.881418794748,2022-10
2020-11-01,International,Foodservice,Strawberry,High,65+,Male,74.7469709383749,4.4,328.88667212884957,0.18000000000000002,59.19960098319293,2020-11
2022-10-01,West,Club,LowCal_Protein_Scoop,Lower-Middle,35-44,Male,587.0310676272036,5.8500000000000005,3434.1317456191414,0.29000000000000004,995.8982062295511,2022-10
2023-01-01,International,Convenience,Strawberry,Low,25-34,Female,328.96753538231064,6.050000000000001,1990.2535890629797,0.23,457.75832548448534,2023-01
2020-01-01,International,Club,NonDairy_Chocolate,Low,55-64,Male,213.7800549835356,6.3,1346.8143463962742,0.31000000000000005,417.5124473828451,2020-01
2021-12-01,Northeast,Grocery,Mint,Upper-Middle,35-44,Male,470.5487951169763,5.5,2588.0183731433694,0.27,698.7649607487098,2021-12
2024-08-01,Midwest,Grocery,CookieDough,High,55-64,Female,723.0041574830267,6.5,4699.527023639674,0.32,1503.8486475646955,2024-08
2021-09-01,South,Grocery,Vanilla,Low,35-44,Other/Non-binary,826.3449279077253,5.5,4544.897103492489,0.3,1363.4691310477467,2021-09
2021-04-01,West,Foodservice,Strawberry,Low,25-34,Female,259.6519628909688,4.4,1142.4686367202628,0.18000000000000002,205.64435460964734,2021-04
2020-10-01,West,Convenience,Mint,Upper-Middle,35-44,Male,476.32249315600393,6.050000000000001,2881.751083593824,0.22,633.9852383906414,2020-10
2020-02-01,Northeast,Convenience,Mint,High,65+,Female,391.2452416011789,6.050000000000001,2367.033711687133,0.22,520.7474165711692,2020-02
2024-07-01,South,Grocery,Vanilla,High,55-64,Male,1185.9105425014275,5.5,6522.507983757851,0.3,1956.7523951273554,2024-07
2024-07-01,Midwest,Grocery,NonDairy_Chocolate,Lower-Middle,25-34,Male,390.49985189487063,7.0,2733.4989632640945,0.32999999999999996,902.054657877151,2024-07
2023-10-01,Northeast,Online,NonDairy_Chocolate,Upper-Middle,45-54,Male,178.43750296816015,7.0,1249.062520777121,0.38,474.643757895306,2023-10
2021-05-01,Northeast,Convenience,Chocolate,Lower-Middle,18-24,Female,866.4124900931447,6.6000000000000005,5718.322434614755,0.25,1429.5806086536888,2021-05
2022-11-01,West,Online,Mint,Upper-Middle,25-34,Male,272.23099432940984,5.5,1497.2704688117542,0.31999999999999995,479.1265500197613,2022-11
2021-01-01,International,Online,Mint,Upper-Middle,55-64,Female,122.83674916200505,5.5,675.6021203910277,0.31999999999999995,216.19267852512883,2021-01
2021-03-01,South,Convenience,Chocolate,High,25-34,Other/Non-binary,935.857167597324,6.6000000000000005,6176.657306142339,0.25,1544.1643265355847,2021-03
2022-04-01,South,Club,LowCal_Protein_Scoop,Low,65+,Female,735.8104360713854,5.8500000000000005,4304.491051017605,0.29000000000000004,1248.3024047951055,2022-04
2023-08-01,South,Grocery,CookieDough,High,35-44,Female,876.5295759667009,6.5,5697.442243783556,0.32,1823.1815180107378,2023-08
2021-04-01,Northeast,Club,NonDairy_Chocolate,High,25-34,Female,489.46495291167264,6.3,3083.6292033435375,0.31000000000000005,955.9250530364968,2021-04
2020-03-01,West,Club,CookieDough,Upper-Middle,55-64,Female,1114.887333743088,5.8500000000000005,6522.090902397065,0.30000000000000004,1956.62727071912,2020-03
2024-09-01,Northeast,Convenience,CookieDough,Upper-Middle,45-54,Female,531.5338530802113,7.15,3800.467049523511,0.27,1026.126103371348,2024-09
2022-11-01,International,Online,Chocolate,Upper-Middle,18-24,Female,183.67206284094178,6.0,1102.0323770456507,0.35,385.7113319659777,2022-11
2020-04-01,Midwest,Convenience,Mint,Upper-Middle,65+,Other/Non-binary,518.4347979748067,6.050000000000001,3136.5305277475804,0.22,690.0367161044677,2020-04
2023-08-01,West,Convenience,LowCal_Protein_Scoop,Lower-Middle,25-34,Female,465.0142841441676,7.15,3324.852131630799,0.26,864.4615542240077,2023-08
2020-12-01,West,Convenience,NonDairy_Chocolate,High,25-34,Other/Non-binary,399.5179519766623,7.700000000000001,3076.2882302203,0.28,861.3607044616841,2020-12
2023-12-01,South,Foodservice,NonDairy_Chocolate,High,35-44,Male,90.89087811926571,5.6000000000000005,508.98891746788803,0.23,117.06745101761425,2023-12
2024-02-01,Midwest,Club,CookieDough,Upper-Middle,45-54,Male,976.4651577594457,5.8500000000000005,5712.321172892758,0.30000000000000004,1713.6963518678276,2024-02
2024-03-01,South,Online,NonDairy_Chocolate,High,35-44,Female,221.85926127696615,7.0,1553.014828938763,0.38,590.14563499673,2024-03
2020-03-01,International,Foodservice,Mint,Low,45-54,Female,83.82802471125514,4.4,368.8433087295226,0.17,62.70336248401885,2020-03
2023-02-01,South,Grocery,LowCal_Protein_Scoop,High,65+,Male,902.5725840484696,6.5,5866.721796315052,0.31,1818.6837568576661,2023-02
2023-06-01,Northeast,Online,Chocolate,Lower-Middle,18-24,Female,558.1912806171474,6.0,3349.1476837028845,0.35,1172.2016892960096,2023-06
2024-06-01,International,Grocery,LowCal_Protein_Scoop,High,35-44,Female,459.7047105943288,6.5,2988.0806188631373,0.31,926.3049918475725,2024-06
2021-03-01,International,Convenience,LowCal_Protein_Scoop,High,18-24,Male,236.89770189222727,7.15,1693.8185685294252,0.26,440.3928278176506,2021-03
2020-07-01,West,Online,Vanilla,High,55-64,Other/Non-binary,508.29128444290023,5.5,2795.6020644359514,0.35,978.460722552583,2020-07
2022-10-01,Northeast,Club,Chocolate,Upper-Middle,65+,Male,622.7584155063183,5.4,3362.895443734119,0.28,941.6107242455535,2022-10
2022-04-01,South,Online,CookieDough,Upper-Middle,45-54,Other/Non-binary,616.8107793420777,6.5,4009.270065723505,0.37,1483.4299243176968,2022-04
2024-08-01,West,Club,NonDairy_Chocolate,High,55-64,Male,374.234772165977,6.3,2357.679064645655,0.31000000000000005,730.8805100401532,2024-08
2023-12-01,South,Club,LowCal_Protein_Scoop,Low,45-54,Male,493.68360665590984,5.8500000000000005,2888.049098937073,0.29000000000000004,837.5342386917512,2023-12
2024-08-01,Northeast,Club,Vanilla,Upper-Middle,65+,Female,666.8871685335831,4.95,3301.0914842412367,0.28,924.3056155875464,2024-08
2024-04-01,International,Grocery,Mint,Lower-Middle,35-44,Male,413.5858428879578,5.5,2274.722135883768,0.27,614.1749766886173,2024-04
2024-11-01,Midwest,Grocery,Vanilla,High,18-24,Female,814.1946984233762,5.5,4478.070841328569,0.3,1343.4212523985707,2024-11
2020-09-01,Northeast,Convenience,Vanilla,High,45-54,Other/Non-binary,579.6068746091977,6.050000000000001,3506.6215913856463,0.25,876.6553978464116,2020-09
2020-09-01,International,Club,Vanilla,Upper-Middle,18-24,Other/Non-binary,291.1872797472357,4.95,1441.3770347488169,0.28,403.58556972966875,2020-09
2024-03-01,Northeast,Club,Mint,Low,55-64,Female,472.0648848749801,4.95,2336.721180131152,0.25,584.180295032788,2024-03
2024-12-01,West,Convenience,Chocolate,Lower-Middle,18-24,Male,1030.3592842399933,6.6000000000000005,6800.371275983956,0.25,1700.092818995989,2024-12
2024-02-01,Northeast,Club,Strawberry,High,65+,Other/Non-binary,667.9025050172752,4.95,3306.1173998355125,0.26,859.5905239572332,2024-02
2021-08-01,South,Foodservice,Mint,High,18-24,Female,136.21242968180655,4.4,599.3346905999489,0.17,101.88689740199132,2021-08
2023-05-01,West,Convenience,CookieDough,Lower-Middle,55-64,Female,1034.7090102636755,7.15,7398.16942338528,0.27,1997.5057443140258,2023-05
2024-05-01,Northeast,Convenience,CookieDough,High,35-44,Male,994.0528563904385,7.15,7107.477923191635,0.27,1919.0190392617417,2024-05
2021-01-01,West,Grocery,LowCal_Protein_Scoop,Upper-Middle,35-44,Female,771.0497306097482,6.5,5011.823248963363,0.31,1553.6652071786425,2021-01
2024-12-01,West,Convenience,Strawberry,High,65+,Male,498.6247865412754,6.050000000000001,3016.6799585747167,0.23,693.8363904721849,2024-12
2020-05-01,Northeast,Convenience,Mint,Lower-Middle,35-44,Male,407.9133526370083,6.050000000000001,2467.8757834539006,0.22,542.9326723598581,2020-05
2022-07-01,International,Club,LowCal_Protein_Scoop,Upper-Middle,35-44,Female,308.8851959854099,5.8500000000000005,1806.978396514648,0.29000000000000004,524.0237349892479,2022-07
2020-12-01,International,Foodservice,Strawberry,High,65+,Other/Non-binary,85.40519553906633,4.4,375.78286037189184,0.18000000000000002,67.64091486694053,2020-12
2022-09-01,West,Online,Vanilla,Upper-Middle,65+,Other/Non-binary,441.0873817573312,5.5,2425.9805996653213,0.35,849.0932098828624,2022-09
2022-01-01,International,Online,Mint,Low,45-54,Male,130.01306326785073,5.5,715.071847973179,0.31999999999999995,228.82299135141727,2022-01
2020-06-01,South,Foodservice,LowCal_Protein_Scoop,Lower-Middle,18-24,Male,183.60807421036338,5.2,954.7619858938896,0.21000000000000002,200.50001703771682,2020-06
2022-05-01,International,Convenience,Chocolate,Low,65+,Male,535.4606817550955,6.6000000000000005,3534.0404995836307,0.25,883.5101248959077,2022-05
2020-02-01,South,Foodservice,Mint,Upper-Middle,25-34,Female,146.77228010886165,4.4,645.7980324789913,0.17,109.78566552142854,2020-02
2021-10-01,West,Online,Chocolate,Lower-Middle,35-44,Female,397.0060934565621,6.0,2382.0365607393724,0.35,833.7127962587803,2021-10
2024-12-01,International,Grocery,LowCal_Protein_Scoop,High,45-54,Female,375.1599274522091,6.5,2438.539528439359,0.31,755.9472538162013,2024-12
2023-03-01,Midwest,Online,Chocolate,Low,65+,Female,518.2565322299029,6.0,3109.539193379417,0.35,1088.338717682796,2023-03
2020-12-01,International,Online,Strawberry,High,18-24,Other/Non-binary,126.23465234794118,5.5,694.2905879136765,0.32999999999999996,229.11589401151323,2020-12
2020-04-01,International,Club,Mint,High,18-24,Male,285.39811350552,4.95,1412.720661852324,0.25,353.180165463081,2020-04
2024-04-01,Midwest,Online,Mint,Upper-Middle,25-34,Female,270.3108516449271,5.5,1486.709684047099,0.31999999999999995,475.7470988950716,2024-04
2022-11-01,South,Club,CookieDough,Low,55-64,Other/Non-binary,845.2388833065266,5.8500000000000005,4944.647467343181,0.30000000000000004,1483.3942402029545,2022-11
2023-08-01,International,Grocery,Mint,Lower-Middle,45-54,Female,287.9958940786813,5.5,1583.9774174327472,0.27,427.6739027068418,2023-08
2020-10-01,Midwest,Foodservice,LowCal_Protein_Scoop,Low,25-34,Male,110.27518063714562,5.2,573.4309393131573,0.21000000000000002,120.42049725576304,2020-10
2023-10-01,South,Foodservice,Mint,High,35-44,Other/Non-binary,123.81670234143252,4.4,544.7934903023031,0.17,92.61489335139153,2023-10
2023-03-01,South,Grocery,NonDairy_Chocolate,High,55-64,Female,748.8095802171082,7.0,5241.667061519757,0.32999999999999996,1729.7501303015197,2023-03
2022-07-01,Northeast,Club,Strawberry,High,25-34,Other/Non-binary,634.3039900553545,4.95,3139.804750774005,0.26,816.3492352012413,2022-07
2021-06-01,West,Grocery,Chocolate,Upper-Middle,35-44,Female,1861.3351365225246,6.0,11168.010819135148,0.3,3350.403245740544,2021-06
2021-01-01,Northeast,Foodservice,Mint,Upper-Middle,45-54,Other/Non-binary,97.22775718191319,4.4,427.8021316004181,0.17,72.72636237207108,2021-01
2020-02-01,International,Club,CookieDough,Low,35-44,Male,533.9213324331586,5.8500000000000005,3123.439794733978,0.30000000000000004,937.0319384201936,2020-02
2021-12-01,International,Foodservice,Mint,Upper-Middle,35-44,Female,55.0971792057853,4.4,242.42758850545536,0.17,41.21269004592742,2021-12
2020-03-01,South,Convenience,Mint,High,35-44,Other/Non-binary,589.7076105488536,6.050000000000001,3567.7310438205645,0.22,784.9008296405242,2020-03
2023-11-01,International,Club,Strawberry,High,65+,Female,218.33296730209597,4.95,1080.748188145375,0.26,280.99452891779754,2023-11
2024-07-01,Midwest,Convenience,Mint,High,18-24,Male,389.571351814849,6.050000000000001,2356.9066784798365,0.22,518.519469265564,2024-07
2020-03-01,South,Convenience,Mint,High,18-24,Male,650.0850508381484,6.050000000000001,3933.0145575707984,0.22,865.2632026655757,2020-03
2021-03-01,Midwest,Foodservice,Strawberry,Upper-Middle,65+,Female,177.18067043299166,4.4,779.5949499051634,0.18000000000000002,140.32709098292943,2021-03
2024-04-01,South,Grocery,Chocolate,Low,45-54,Female,1299.8744700219393,6.0,7799.246820131635,0.3,2339.7740460394903,2024-04
2022-02-01,South,Grocery,Chocolate,Lower-Middle,25-34,Female,1715.1795646858031,6.0,10291.07738811482,0.3,3087.323216434446,2022-02
2021-09-01,Midwest,Club,Strawberry,Low,65+,Other/Non-binary,403.70930138560715,4.95,1998.3610418587555,0.26,519.5738708832764,2021-09
2022-07-01,Midwest,Grocery,LowCal_Protein_Scoop,High,45-54,Female,713.8565879507638,6.5,4640.067821679965,0.31,1438.421024720789,2022-07
2021-03-01,International,Grocery,Strawberry,High,55-64,Female,377.114176241453,5.5,2074.127969327991,0.27999999999999997,580.7558314118374,2021-03
2023-03-01,International,Club,Mint,Upper-Middle,55-64,Other/Non-binary,232.1185950980886,4.95,1148.9870457355387,0.25,287.24676143388467,2023-03
2021-07-01,Northeast,Club,Strawberry,Low,45-54,Male,606.453644639701,4.95,3001.94554096652,0.26,780.5058406512953,2021-07
2023-10-01,International,Grocery,CookieDough,Lower-Middle,55-64,Female,394.8551656165921,6.5,2566.5585765078486,0.32,821.2987444825116,2023-10
2022-01-01,International,Convenience,LowCal_Protein_Scoop,High,18-24,Other/Non-binary,219.530595297462,7.15,1569.6437563768534,0.26,408.1073766579819,2022-01
2023-09-01,West,Club,Strawberry,High,55-64,Female,653.8179814106999,4.95,3236.3990079829646,0.26,841.4637420755708,2023-09
2024-07-01,South,Foodservice,Mint,High,55-64,Other/Non-binary,138.99640388461196,4.4,611.5841770922927,0.17,103.96931010568977,2024-07
2020-06-01,Northeast,Online,NonDairy_Chocolate,Lower-Middle,25-34,Female,221.9003756239801,7.0,1553.3026293678606,0.38,590.2549991597871,2020-06
2024-07-01,West,Foodservice,Strawberry,Low,45-54,Male,222.03642195312358,4.4,976.9602565937438,0.18000000000000002,175.8528461868739,2024-07
2021-02-01,Midwest,Convenience,CookieDough,Lower-Middle,55-64,Male,676.283010979097,7.15,4835.423528500543,0.27,1305.564352695147,2021-02
2022-11-01,South,Foodservice,Mint,Low,35-44,Other/Non-binary,128.56657086087117,4.4,565.6929117878332,0.17,96.16779500393164,2022-11
2023-09-01,West,Club,Vanilla,Upper-Middle,18-24,Other/Non-binary,858.8684172907513,4.95,4251.398665589219,0.28,1190.3916263649812,2023-09
2022-03-01,International,Club,CookieDough,Lower-Middle,25-34,Female,427.1415677101941,5.8500000000000005,2498.778171104636,0.30000000000000004,749.6334513313909,2022-03
2024-12-01,South,Grocery,Chocolate,Upper-Middle,45-54,Male,1054.0509673479996,6.0,6324.305804087998,0.3,1897.2917412263992,2024-12
2020-09-01,West,Online,Vanilla,Low,35-44,Female,432.6831530780118,5.5,2379.7573419290648,0.35,832.9150696751726,2020-09
2022-09-01,International,Foodservice,Vanilla,Upper-Middle,55-64,Female,90.56682971203546,4.4,398.49405073295605,0.2,79.69881014659121,2022-09
2023-05-01,Midwest,Online,Vanilla,High,18-24,Other/Non-binary,344.4706769147276,5.5,1894.5887230310018,0.35,663.1060530608506,2023-05
2023-04-01,South,Grocery,CookieDough,Low,45-54,Female,1602.307638082665,6.5,10414.999647537323,0.32,3332.7998872119433,2023-04
2024-12-01,International,Grocery,Mint,Upper-Middle,55-64,Other/Non-binary,286.02937598275787,5.5,1573.1615679051683,0.27,424.75362333439546,2024-12
2023-06-01,International,Convenience,Mint,Lower-Middle,55-64,Other/Non-binary,275.52195388502565,6.050000000000001,1666.9078210044054,0.22,366.7197206209692,2023-06
2021-12-01,South,Club,Vanilla,High,55-64,Male,941.8786764175281,4.95,4662.299448266765,0.28,1305.4438455146942,2021-12
2024-08-01,West,Foodservice,NonDairy_Chocolate,Low,18-24,Male,125.42319363885922,5.6000000000000005,702.3698843776117,0.23,161.5450734068507,2024-08
2023-02-01,Northeast,Club,NonDairy_Chocolate,High,65+,Other/Non-binary,469.6296756737265,6.3,2958.666956744477,0.31000000000000005,917.186756590788,2023-02
2023-01-01,West,Online,Vanilla,High,25-34,Female,467.3388028530346,5.5,2570.3634156916905,0.35,899.6271954920916,2023-01
2022-08-01,West,Foodservice,LowCal_Protein_Scoop,Lower-Middle,65+,Female,157.16566436740743,5.2,817.2614547105187,0.21000000000000002,171.62490548920894,2022-08
2024-11-01,Midwest,Foodservice,LowCal_Protein_Scoop,Upper-Middle,65+,Other/Non-binary,109.029458684008,5.2,566.9531851568416,0.21000000000000002,119.06016888293675,2024-11
2021-02-01,International,Club,LowCal_Protein_Scoop,High,35-44,Other/Non-binary,341.1074408910884,5.8500000000000005,1995.4785292128674,0.29000000000000004,578.6887734717317,2021-02
2022-03-01,West,Club,Chocolate,Low,18-24,Female,1185.6239891385742,5.4,6402.369541348301,0.28,1792.6634715775244,2022-03
2020-12-01,International,Foodservice,LowCal_Protein_Scoop,Upper-Middle,55-64,Other/Non-binary,58.63522658761598,5.2,304.9031782556031,0.21000000000000002,64.02966743367666,2020-12
2023-06-01,Midwest,Foodservice,Chocolate,High,25-34,Male,202.05188241999738,4.800000000000001,969.8490356159875,0.2,193.9698071231975,2023-06
2023-02-01,Northeast,Club,Chocolate,Upper-Middle,65+,Other/Non-binary,1054.384711185111,5.4,5693.6774403996,0.28,1594.229683311888,2023-02
2023-06-01,Northeast,Club,NonDairy_Chocolate,Upper-Middle,45-54,Female,397.15504993144003,6.3,2502.076814568072,0.31000000000000005,775.6438125161026,2023-06
2020-07-01,International,Grocery,Vanilla,High,35-44,Female,415.0717606743437,5.5,2282.89468370889,0.3,684.868405112667,2020-07
2020-11-01,South,Grocery,Chocolate,High,55-64,Male,1075.6845475277516,6.0,6454.10728516651,0.3,1936.232185549953,2020-11
2024-05-01,Midwest,Club,Strawberry,High,65+,Female,584.8698946785753,4.95,2895.1059786589476,0.26,752.7275544513265,2024-05
2020-04-01,International,Club,Vanilla,High,45-54,Other/Non-binary,571.8568462644994,4.95,2830.691389009272,0.28,792.5935889225963,2020-04
2024-09-01,Northeast,Grocery,Strawberry,High,35-44,Female,542.2368549472478,5.5,2982.302702209863,0.27999999999999997,835.0447566187615,2024-09
2022-06-01,Midwest,Online,LowCal_Protein_Scoop,Upper-Middle,55-64,Other/Non-binary,315.4036373095686,6.5,2050.1236425121956,0.36,738.0445113043904,2022-06
2024-09-01,South,Online,CookieDough,Lower-Middle,25-34,Male,385.43393520750243,6.5,2505.3205788487658,0.37,926.9686141740433,2024-09
2021-03-01,Midwest,Foodservice,Vanilla,Upper-Middle,65+,Female,175.27210977484518,4.4,771.1972830093189,0.2,154.2394566018638,2021-03
2024-04-01,International,Online,Strawberry,High,25-34,Female,162.01885736587764,5.5,891.103715512327,0.32999999999999996,294.0642261190679,2024-04
2021-09-01,Northeast,Foodservice,NonDairy_Chocolate,High,18-24,Male,88.405325462729,5.6000000000000005,495.06982259128245,0.23,113.86605919599496,2021-09
2023-02-01,International,Online,LowCal_Protein_Scoop,Low,35-44,Female,149.83827768500737,6.5,973.9488049525479,0.36,350.6215697829172,2023-02
2022-01-01,Midwest,Foodservice,LowCal_Protein_Scoop,Low,18-24,Male,120.56324389133411,5.2,626.9288682349373,0.21000000000000002,131.65506232933686,2022-01
2022-08-01,West,Foodservice,NonDairy_Chocolate,Upper-Middle,45-54,Other/Non-binary,90.30114391363638,5.6000000000000005,505.68640591636375,0.23,116.30787336076367,2022-08
2020-09-01,Northeast,Convenience,Strawberry,High,18-24,Male,522.9553920007764,6.050000000000001,3163.8801216046977,0.23,727.6924279690805,2020-09
2022-12-01,Northeast,Club,Strawberry,Low,65+,Female,611.1396073243274,4.95,3025.1410562554206,0.26,786.5366746264094,2022-12
2022-09-01,Midwest,Grocery,NonDairy_Chocolate,High,18-24,Male,411.3012107970561,7.0,2879.1084755793927,0.32999999999999996,950.1057969411995,2022-09
2024-04-01,Midwest,Online,Strawberry,Upper-Middle,45-54,Male,390.8302913772733,5.5,2149.566602575003,0.32999999999999996,709.3569788497508,2024-04
2024-05-01,Northeast,Online,Strawberry,Lower-Middle,18-24,Female,354.8710293941191,5.5,1951.790661667655,0.32999999999999996,644.0909183503261,2024-05
2022-10-01,International,Foodservice,CookieDough,High,65+,Male,77.8391935670609,5.2,404.76380654871673,0.22,89.04803744071768,2022-10
2021-08-01,Midwest,Convenience,Strawberry,High,25-34,Other/Non-binary,435.3668391660234,6.050000000000001,2633.969376954442,0.23,605.8129566995217,2021-08
2024-10-01,West,Convenience,CookieDough,Low,45-54,Other/Non-binary,743.7229266348946,7.15,5317.618925439497,0.27,1435.7571098686642,2024-10
2022-02-01,West,Club,NonDairy_Chocolate,High,18-24,Male,559.5434720199472,6.3,3525.123873725667,0.31000000000000005,1092.788400854957,2022-02
2020-07-01,Midwest,Online,Mint,High,35-44,Other/Non-binary,174.22815974374674,5.5,958.2548785906071,0.31999999999999995,306.6415611489942,2020-07
2023-11-01,South,Club,Mint,High,18-24,Other/Non-binary,470.6277815839212,4.95,2329.60751884041,0.25,582.4018797101025,2023-11
2022-01-01,Northeast,Foodservice,NonDairy_Chocolate,High,55-64,Other/Non-binary,83.23487470058552,5.6000000000000005,466.115298323279,0.23,107.20651861435417,2022-01
2020-09-01,South,Grocery,Mint,High,65+,Other/Non-binary,532.3637032081039,5.5,2928.0003676445713,0.27,790.5600992640343,2020-09
2024-12-01,South,Online,Mint,Lower-Middle,45-54,Female,201.65583623103413,5.5,1109.1070992706877,0.31999999999999995,354.91427176662,2024-12
2022-04-01,Midwest,Club,LowCal_Protein_Scoop,High,25-34,Other/Non-binary,587.7022581028589,5.8500000000000005,3438.0582099017247,0.29000000000000004,997.0368808715003,2022-04
2023-07-01,International,Club,CookieDough,Upper-Middle,25-34,Male,478.84570582628515,5.8500000000000005,2801.2473790837685,0.30000000000000004,840.3742137251306,2023-07
2023-09-01,Northeast,Club,Chocolate,Upper-Middle,65+,Other/Non-binary,894.760275043897,5.4,4831.705485237044,0.28,1352.8775358663725,2023-09
2021-07-01,Midwest,Online,LowCal_Protein_Scoop,Upper-Middle,35-44,Male,250.84761198599261,6.5,1630.509477908952,0.36,586.9834120472227,2021-07
2024-06-01,International,Convenience,Strawberry,Lower-Middle,18-24,Female,276.05334209776464,6.050000000000001,1670.1227196914763,0.23,384.1282255290396,2024-06
2021-11-01,Northeast,Club,Strawberry,Upper-Middle,18-24,Female,539.6747316059615,4.95,2671.3899214495095,0.26,694.5613795768725,2021-11
2024-02-01,Northeast,Foodservice,Mint,High,35-44,Female,127.36717986538324,4.4,560.4155914076863,0.17,95.27065053930667,2024-02
2021-03-01,International,Convenience,Mint,Lower-Middle,35-44,Female,280.4002491452328,6.050000000000001,1696.4215073286587,0.22,373.21273161230494,2021-03
2023-08-01,International,Club,CookieDough,Lower-Middle,65+,Male,318.80461899950024,5.8500000000000005,1865.0070211470766,0.30000000000000004,559.502106344123,2023-08
2021-10-01,International,Grocery,Strawberry,Low,35-44,Other/Non-binary,317.83693978802046,5.5,1748.1031688341125,0.27999999999999997,489.46888727355145,2021-10
2024-09-01,Midwest,Foodservice,NonDairy_Chocolate,Low,35-44,Female,70.63164768626736,5.6000000000000005,395.53722704309723,0.23,90.97356221991237,2024-09
2024-02-01,Midwest,Foodservice,Vanilla,Low,18-24,Other/Non-binary,203.67182229450967,4.4,896.1560180958426,0.2,179.23120361916853,2024-02
2024-12-01,Northeast,Online,CookieDough,Lower-Middle,65+,Male,375.8929746544408,6.5,2443.3043352538652,0.37,904.0226040439302,2024-12
2020-03-01,International,Online,Vanilla,Lower-Middle,18-24,Male,245.41959928630732,5.5,1349.8077960746903,0.35,472.43272862614157,2020-03
2021-03-01,International,Convenience,CookieDough,Upper-Middle,45-54,Male,397.27070762565074,7.15,2840.485559523403,0.27,766.9311010713188,2021-03
2020-09-01,West,Foodservice,NonDairy_Chocolate,Upper-Middle,18-24,Male,89.93357879962942,5.6000000000000005,503.62804127792475,0.23,115.8344494939227,2020-09
2022-03-01,West,Online,Mint,Lower-Middle,45-54,Male,346.56499402572234,5.5,1906.1074671414729,0.31999999999999995,609.9543894852712,2022-03
2023-06-01,International,Foodservice,Vanilla,Low,55-64,Other/Non-binary,113.32156323888441,4.4,498.61487825109145,0.2,99.7229756502183,2023-06
2020-07-01,West,Grocery,Mint,High,18-24,Female,580.6843413458237,5.5,3193.76387740203,0.27,862.3162468985482,2020-07
2023-08-01,Midwest,Foodservice,Mint,High,45-54,Male,97.32817514769525,4.4,428.24397064985914,0.17,72.80147501047605,2023-08
2020-07-01,South,Grocery,NonDairy_Chocolate,High,18-24,Male,569.4576420809151,7.0,3986.2034945664054,0.32999999999999996,1315.4471532069135,2020-07
2021-08-01,Midwest,Convenience,Vanilla,Upper-Middle,55-64,Other/Non-binary,623.0647573008438,6.050000000000001,3769.541781670105,0.25,942.3854454175263,2021-08
2020-05-01,West,Grocery,Strawberry,High,45-54,Male,1088.7992993838045,5.5,5988.396146610925,0.27999999999999997,1676.7509210510589,2020-05
2021-05-01,West,Convenience,LowCal_Protein_Scoop,High,65+,Male,646.415109797513,7.15,4621.868035052218,0.26,1201.6856891135767,2021-05
2021-09-01,West,Online,Chocolate,Upper-Middle,35-44,Male,391.862294683428,6.0,2351.173768100568,0.35,822.9108188351987,2021-09
2021-05-01,Midwest,Foodservice,LowCal_Protein_Scoop,High,65+,Male,171.18504314923396,5.2,890.1622243760166,0.21000000000000002,186.93406711896353,2021-05
2024-10-01,South,Foodservice,CookieDough,Lower-Middle,35-44,Female,154.9573619611521,5.2,805.7782821979908,0.22,177.271222083558,2024-10
2021-10-01,West,Club,LowCal_Protein_Scoop,High,25-34,Female,548.6352916881314,5.8500000000000005,3209.516456375569,0.29000000000000004,930.7597723489151,2021-10
2023-10-01,Northeast,Grocery,Mint,High,18-24,Female,521.6692408738716,5.5,2869.1808248062935,0.27,774.6788226976993,2023-10
2022-10-01,Northeast,Grocery,Vanilla,Lower-Middle,65+,Male,745.3248957327227,5.5,4099.286926529975,0.3,1229.7860779589926,2022-10
2023-07-01,Midwest,Online,Chocolate,High,25-34,Other/Non-binary,448.50818458466136,6.0,2691.049107507968,0.35,941.8671876277888,2023-07
2020-01-01,Northeast,Foodservice,NonDairy_Chocolate,Low,25-34,Male,84.66959621159769,5.6000000000000005,474.14973878494715,0.23,109.05443992053785,2020-01
2023-04-01,Northeast,Convenience,CookieDough,Low,25-34,Female,1039.1827294933294,7.15,7430.1565158773055,0.27,2006.1422592868726,2023-04
2023-03-01,South,Club,Vanilla,Low,45-54,Female,944.130793205783,4.95,4673.447426368626,0.28,1308.5652793832155,2023-03
2024-04-01,Midwest,Online,Vanilla,Lower-Middle,65+,Female,458.5112842298988,5.5,2521.8120632644436,0.35,882.6342221425552,2024-04
2024-07-01,Northeast,Foodservice,Strawberry,High,45-54,Other/Non-binary,149.8591399977065,4.4,659.3802159899087,0.18000000000000002,118.68843887818359,2024-07
2021-09-01,Midwest,Online,Vanilla,Upper-Middle,45-54,Female,351.38159085777124,5.5,1932.5987497177418,0.35,676.4095624012097,2021-09
2020-06-01,Northeast,Online,Vanilla,High,55-64,Female,509.07591484608446,5.5,2799.9175316534647,0.35,979.9711360787126,2020-06
2024-07-01,Midwest,Convenience,CookieDough,Lower-Middle,25-34,Other/Non-binary,617.7109105173428,7.15,4416.633010199001,0.27,1192.4909127537303,2024-07
2023-03-01,Northeast,Grocery,Strawberry,Low,25-34,Female,1084.4446960201417,5.5,5964.445828110779,0.27999999999999997,1670.044831871018,2023-03
2021-12-01,South,Grocery,Chocolate,Low,55-64,Other/Non-binary,1191.0542680210197,6.0,7146.325608126118,0.3,2143.897682437835,2021-12
2022-02-01,South,Online,LowCal_Protein_Scoop,High,35-44,Other/Non-binary,353.73113813650116,6.5,2299.2523978872578,0.36,827.7308632394128,2022-02
2023-05-01,South,Club,Mint,Low,25-34,Other/Non-binary,544.4009403802567,4.95,2694.7846548822704,0.25,673.6961637205676,2023-05
2022-09-01,West,Convenience,Chocolate,Upper-Middle,35-44,Female,775.8408444303547,6.6000000000000005,5120.5495732403415,0.25,1280.1373933100854,2022-09
2021-04-01,South,Grocery,CookieDough,Lower-Middle,25-34,Male,1617.3289305747935,6.5,10512.638048736158,0.32,3364.044175595571,2021-04
2021-02-01,Midwest,Grocery,Vanilla,Low,55-64,Male,1006.2009642798059,5.5,5534.105303538932,0.3,1660.2315910616796,2021-02
2023-07-01,Northeast,Club,Vanilla,Low,55-64,Male,871.9855942720054,4.95,4316.328691646427,0.28,1208.5720336609995,2023-07
2023-11-01,South,Club,Mint,Upper-Middle,65+,Female,502.5064901333267,4.95,2487.407126159967,0.25,621.8517815399917,2023-11
2024-07-01,West,Grocery,Strawberry,Low,35-44,Female,813.9827667842043,5.5,4476.905217313123,0.27999999999999997,1253.5334608476744,2024-07
2022-05-01,Midwest,Grocery,Chocolate,High,65+,Female,1154.1536418530852,6.0,6924.921851118512,0.3,2077.4765553355533,2022-05
2022-02-01,International,Online,Strawberry,Lower-Middle,45-54,Male,185.55586918917095,5.5,1020.5572805404402,0.32999999999999996,336.7839025783452,2022-02
2021-01-01,West,Club,Mint,High,55-64,Male,495.87358677992717,4.95,2454.5742545606395,0.25,613.6435636401599,2021-01
2022-11-01,International,Grocery,NonDairy_Chocolate,Low,45-54,Other/Non-binary,227.7314100674135,7.0,1594.1198704718945,0.32999999999999996,526.0595572557252,2022-11
2023-05-01,West,Foodservice,Mint,Lower-Middle,25-34,Female,187.68067148156902,4.4,825.7949545189038,0.17,140.38514226821366,2023-05
2021-10-01,International,Online,Mint,Upper-Middle,25-34,Female,92.31898835139967,5.5,507.7544359326982,0.31999999999999995,162.4814194984634,2021-10
2022-03-01,South,Online,Mint,Upper-Middle,25-34,Female,348.80219482548057,5.5,1918.4120715401432,0.31999999999999995,613.8918628928458,2022-03
2023-07-01,Northeast,Foodservice,Mint,Upper-Middle,35-44,Other/Non-binary,143.09297579941526,4.4,629.6090935174271,0.17,107.03354589796263,2023-07
2020-04-01,Midwest,Club,NonDairy_Chocolate,High,55-64,Other/Non-binary,465.63932222971766,6.3,2933.527730047221,0.31000000000000005,909.3935963146388,2020-04
2022-10-01,South,Foodservice,Strawberry,Lower-Middle,65+,Male,120.06542718218056,4.4,528.2878796015945,0.18000000000000002,95.09181832828702,2022-10
2022-10-01,West,Grocery,LowCal_Protein_Scoop,Lower-Middle,35-44,Other/Non-binary,703.0441171792421,6.5,4569.786761665074,0.31,1416.6338961161728,2022-10
2021-08-01,South,Foodservice,LowCal_Protein_Scoop,Upper-Middle,35-44,Other/Non-binary,153.4938360084351,5.2,798.1679472438625,0.21000000000000002,167.61526892121114,2021-08
2023-06-01,Midwest,Online,Chocolate,Upper-Middle,18-24,Other/Non-binary,505.0761101223828,6.0,3030.4566607342967,0.35,1060.6598312570038,2023-06
2020-08-01,Midwest,Club,NonDairy_Chocolate,Upper-Middle,45-54,Female,303.9794865194416,6.3,1915.070765072482,0.31000000000000005,593.6719371724695,2020-08
2021-04-01,Midwest,Club,Mint,Upper-Middle,18-24,Other/Non-binary,573.8428958299407,4.95,2840.522334358207,0.25,710.1305835895517,2021-04
2021-09-01,South,Foodservice,Strawberry,Lower-Middle,25-34,Other/Non-binary,138.98843170001064,4.4,611.5490994800468,0.18000000000000002,110.07883790640844,2021-09
2022-08-01,West,Grocery,CookieDough,Low,35-44,Other/Non-binary,1053.3344982967303,6.5,6846.674238928747,0.32,2190.935756457199,2022-08
2024-11-01,International,Club,Chocolate,High,65+,Other/Non-binary,369.26376336251354,5.4,1994.0243221575734,0.28,558.3268102041206,2024-11
2024-04-01,West,Online,LowCal_Protein_Scoop,High,18-24,Other/Non-binary,324.401492371473,6.5,2108.6097004145745,0.36,759.0994921492468,2024-04
2020-12-01,South,Online,LowCal_Protein_Scoop,Upper-Middle,45-54,Female,293.0162209334384,6.5,1904.6054360673495,0.36,685.6579569842457,2020-12
2020-07-01,International,Foodservice,CookieDough,Low,45-54,Other/Non-binary,122.59060296100245,5.2,637.4711353972127,0.22,140.2436497873868,2020-07
2023-11-01,West,Online,Vanilla,High,35-44,Other/Non-binary,370.0234023559411,5.5,2035.1287129576758,0.35,712.2950495351865,2023-11
2023-08-01,South,Club,NonDairy_Chocolate,Upper-Middle,65+,Other/Non-binary,463.16626644339914,6.3,2917.9474785934144,0.31000000000000005,904.5637183639586,2023-08
2021-11-01,Midwest,Club,Mint,Upper-Middle,18-24,Other/Non-binary,381.42765294799995,4.95,1888.0668820925998,0.25,472.01672052314996,2021-11
2020-05-01,International,Online,Chocolate,Upper-Middle,45-54,Female,284.54310854350484,6.0,1707.2586512610292,0.35,597.5405279413602,2020-05
2021-03-01,West,Grocery,Vanilla,Low,55-64,Female,1527.2934927503902,5.5,8400.114210127147,0.3,2520.034263038144,2021-03
2024-08-01,South,Club,CookieDough,High,18-24,Other/Non-binary,976.2219526783681,5.8500000000000005,5710.8984231684535,0.30000000000000004,1713.2695269505364,2024-08
2020-11-01,International,Convenience,Mint,Lower-Middle,35-44,Female,180.91169976587196,6.050000000000001,1094.5157835835255,0.22,240.79347238837562,2020-11
2020-10-01,Northeast,Online,CookieDough,Lower-Middle,55-64,Other/Non-binary,374.8901980439948,6.5,2436.7862872859664,0.37,901.6109262958075,2020-10
2022-10-01,South,Convenience,Vanilla,Low,65+,Male,606.3247590995484,6.050000000000001,3668.264792552268,0.25,917.066198138067,2022-10
2020-01-01,Northeast,Online,CookieDough,High,55-64,Male,363.5490457960376,6.5,2363.0687976742443,0.37,874.3354551394704,2020-01
2023-02-01,Northeast,Convenience,LowCal_Protein_Scoop,High,55-64,Male,478.8990629537714,7.15,3424.1283001194656,0.26,890.2733580310611,2023-02
2021-01-01,International,Convenience,Mint,High,55-64,Male,178.27089099867132,6.050000000000001,1078.5388905419616,0.22,237.27855591923154,2021-01
2021-06-01,Midwest,Club,Chocolate,Upper-Middle,18-24,Female,930.7475170542139,5.4,5026.036592092755,0.28,1407.2902457859716,2021-06
2022-06-01,International,Convenience,Vanilla,Upper-Middle,55-64,Male,417.82491862192575,6.050000000000001,2527.840757662651,0.25,631.9601894156627,2022-06
2024-08-01,Northeast,Club,Chocolate,High,45-54,Other/Non-binary,716.6535901996061,5.4,3869.9293870778733,0.28,1083.5802283818045,2024-08
2024-08-01,International,Online,Strawberry,Low,35-44,Female,142.7260604908026,5.5,784.9933326994144,0.32999999999999996,259.0477997908067,2024-08
2021-06-01,Northeast,Club,Mint,High,65+,Other/Non-binary,427.8514747477317,4.95,2117.8648000012718,0.25,529.4662000003179,2021-06
2023-05-01,Northeast,Convenience,Chocolate,Upper-Middle,55-64,Other/Non-binary,937.5372607896751,6.6000000000000005,6187.7459212118565,0.25,1546.9364803029641,2023-05
2021-02-01,Midwest,Convenience,Mint,High,65+,Female,422.70720671999214,6.050000000000001,2557.3786006559526,0.22,562.6232921443096,2021-02
2024-09-01,International,Foodservice,NonDairy_Chocolate,Lower-Middle,35-44,Female,39.17987069528151,5.6000000000000005,219.40727589357647,0.23,50.46367345552259,2024-09
2024-08-01,Midwest,Club,NonDairy_Chocolate,High,55-64,Other/Non-binary,373.4208618711171,6.3,2352.5514297880377,0.31000000000000005,729.2909432342918,2024-08
2024-10-01,Midwest,Club,CookieDough,Lower-Middle,18-24,Female,551.791945221895,5.8500000000000005,3227.982879548086,0.30000000000000004,968.394863864426,2024-10
2020-08-01,Northeast,Convenience,LowCal_Protein_Scoop,Low,18-24,Male,505.84111743206756,7.15,3616.7639896392834,0.26,940.3586373062137,2020-08
2023-11-01,Midwest,Club,Strawberry,Lower-Middle,35-44,Other/Non-binary,426.5255151704487,4.95,2111.3013000937212,0.26,548.9383380243676,2023-11
2020-12-01,West,Foodservice,LowCal_Protein_Scoop,Low,18-24,Male,163.4505256115011,5.2,849.9427331798057,0.21000000000000002,178.48797396775922,2020-12
2024-12-01,Northeast,Foodservice,Vanilla,Upper-Middle,55-64,Male,210.36624735739798,4.4,925.6114883725512,0.2,185.12229767451026,2024-12
2021-03-01,South,Online,Vanilla,Low,25-34,Female,563.1246119261136,5.5,3097.1853655936247,0.35,1084.0148779577685,2021-03
2021-02-01,Midwest,Online,CookieDough,Lower-Middle,35-44,Male,350.8767059546374,6.5,2280.698588705143,0.37,843.8584778209029,2021-02
2020-12-01,South,Grocery,LowCal_Protein_Scoop,Lower-Middle,35-44,Male,757.2383206779298,6.5,4922.049084406543,0.31,1525.8352161660284,2020-12
2024-04-01,Northeast,Convenience,LowCal_Protein_Scoop,Lower-Middle,55-64,Other/Non-binary,589.2412769316034,7.15,4213.0751300609645,0.26,1095.3995338158509,2024-04
2024-01-01,South,Club,Chocolate,High,65+,Male,942.3896646688379,5.4,5088.904189211725,0.28,1424.893172979283,2024-01
2022-05-01,International,Foodservice,LowCal_Protein_Scoop,Low,55-64,Female,95.20585123222305,5.2,495.0704264075599,0.21000000000000002,103.96478954558759,2022-05
2021-11-01,International,Online,Strawberry,Low,18-24,Other/Non-binary,121.34939952642877,5.5,667.4216973953583,0.32999999999999996,220.2491601404682,2021-11
2020-04-01,West,Club,NonDairy_Chocolate,Low,35-44,Male,680.6033717576945,6.3,4287.801242073475,0.31000000000000005,1329.2183850427775,2020-04
2023-11-01,International,Grocery,Mint,Upper-Middle,18-24,Other/Non-binary,216.15577199220718,5.5,1188.8567459571395,0.27,320.9913214084277,2023-11
2022-04-01,Northeast,Convenience,NonDairy_Chocolate,Low,55-64,Male,395.83849858028765,7.700000000000001,3047.9564390682153,0.28,853.4278029391004,2022-04
2022-11-01,South,Foodservice,NonDairy_Chocolate,Upper-Middle,55-64,Female,96.2232018783515,5.6000000000000005,538.8499305187685,0.23,123.93548401931676,2022-11
2020-07-01,Midwest,Foodservice,Strawberry,High,45-54,Male,144.83766523590322,4.4,637.2857270379742,0.18000000000000002,114.71143086683537,2020-07
2020-06-01,Midwest,Grocery,Vanilla,Low,25-34,Female,1176.675132049024,5.5,6471.713226269631,0.3,1941.5139678808894,2020-06
2022-05-01,International,Club,Chocolate,Low,55-64,Male,661.3827453263368,5.4,3571.466824762219,0.28,1000.0107109334214,2022-05
2024-04-01,Midwest,Convenience,Mint,Upper-Middle,18-24,Other/Non-binary,471.73369517054283,6.050000000000001,2853.9888557817844,0.22,627.8775482719926,2024-04
2021-01-01,Midwest,Convenience,Chocolate,Upper-Middle,45-54,Other/Non-binary,885.7141418622889,6.6000000000000005,5845.713336291107,0.25,1461.4283340727768,2021-01
2020-12-01,West,Online,LowCal_Protein_Scoop,High,55-64,Male,339.4047363982273,6.5,2206.130786588478,0.36,794.207083171852,2020-12
2023-03-01,South,Foodservice,Vanilla,Low,45-54,Male,220.60308877177798,4.4,970.6535905958232,0.2,194.13071811916464,2023-03
2022-01-01,Midwest,Convenience,Mint,Low,45-54,Female,350.12394146418416,6.050000000000001,2118.2498458583145,0.22,466.0149660888292,2022-01
2024-11-01,South,Grocery,Mint,Low,18-24,Male,593.6829888565113,5.5,3265.2564387108123,0.27,881.6192384519194,2024-11
2023-11-01,South,Convenience,Vanilla,Lower-Middle,35-44,Female,723.7951946766077,6.050000000000001,4378.960927793477,0.25,1094.7402319483692,2023-11
2021-06-01,South,Grocery,NonDairy_Chocolate,Low,55-64,Female,585.968394551051,7.0,4101.778761857357,0.32999999999999996,1353.5869914129275,2021-06
2020-12-01,Northeast,Online,Vanilla,High,45-54,Male,418.7804960210112,5.5,2303.2927281155617,0.35,806.1524548404466,2020-12
2023-08-01,International,Convenience,Strawberry,Upper-Middle,55-64,Other/Non-binary,236.34180032262822,6.050000000000001,1429.867891951901,0.23,328.8696151489372,2023-08
2021-12-01,West,Foodservice,Strawberry,Upper-Middle,18-24,Other/Non-binary,139.4967590631211,4.4,613.7857398777328,0.18000000000000002,110.48143317799192,2021-12
2020-12-01,Northeast,Grocery,NonDairy_Chocolate,Low,18-24,Male,394.6953164434894,7.0,2762.8672151044257,0.32999999999999996,911.7461809844604,2020-12
2020-07-01,West,Club,Vanilla,Low,65+,Male,1098.3999788472368,4.95,5437.079895293822,0.28,1522.3823706822704,2020-07
2024-05-01,Midwest,Grocery,NonDairy_Chocolate,Lower-Middle,18-24,Other/Non-binary,628.7133207451076,7.0,4400.993245215753,0.32999999999999996,1452.3277709211982,2024-05
2024-02-01,South,Foodservice,Mint,High,55-64,Female,167.62686396579886,4.4,737.5582014495151,0.17,125.38489424641757,2024-02
2023-10-01,Midwest,Grocery,Chocolate,High,35-44,Other/Non-binary,753.1135058047579,6.0,4518.681034828547,0.3,1355.604310448564,2023-10
2021-08-01,Midwest,Foodservice,Chocolate,Upper-Middle,35-44,Male,179.4203588015692,4.800000000000001,861.2177222475323,0.2,172.24354444950646,2021-08
2023-07-01,International,Grocery,CookieDough,Lower-Middle,65+,Female,596.6570526557259,6.5,3878.2708422622186,0.32,1241.04666952391,2023-07
2024-09-01,International,Convenience,Mint,High,35-44,Female,172.684196787847,6.050000000000001,1044.7393905664744,0.22,229.84266592462438,2024-09
2023-10-01,West,Convenience,Chocolate,High,18-24,Female,796.2395281478227,6.6000000000000005,5255.1808857756305,0.25,1313.7952214439076,2023-10
2024-08-01,West,Grocery,Vanilla,High,55-64,Male,1014.2887454157313,5.5,5578.588099786522,0.3,1673.5764299359566,2024-08
2022-12-01,West,Foodservice,CookieDough,High,35-44,Male,201.1237076062871,5.2,1045.843279552693,0.22,230.08552150159247,2022-12
2020-01-01,South,Grocery,Chocolate,Upper-Middle,65+,Other/Non-binary,1168.1425522040997,6.0,7008.855313224598,0.3,2102.656593967379,2020-01
2024-05-01,Midwest,Club,LowCal_Protein_Scoop,Upper-Middle,18-24,Other/Non-binary,512.5856432608746,5.8500000000000005,2998.6260130761166,0.29000000000000004,869.6015437920739,2024-05
2023-05-01,International,Convenience,CookieDough,High,18-24,Female,500.12071968242174,7.15,3575.8631457293154,0.27,965.4830493469152,2023-05
2024-08-01,Midwest,Convenience,Vanilla,High,35-44,Other/Non-binary,649.603961663027,6.050000000000001,3930.103968061314,0.25,982.5259920153285,2024-08
2021-08-01,Northeast,Club,NonDairy_Chocolate,Upper-Middle,65+,Female,328.6978587769506,6.3,2070.7965102947887,0.31000000000000005,641.9469181913846,2021-08
2020-06-01,International,Convenience,Strawberry,Low,35-44,Other/Non-binary,358.8523384782545,6.050000000000001,2171.0566477934403,0.23,499.3430289924913,2020-06
2023-04-01,International,Online,NonDairy_Chocolate,High,25-34,Female,105.41920621312433,7.0,737.9344434918703,0.38,280.4150885269107,2023-04
2023-05-01,West,Grocery,Chocolate,Lower-Middle,35-44,Other/Non-binary,1530.8292721309858,6.0,9184.975632785914,0.3,2755.492689835774,2023-05
2021-01-01,Northeast,Convenience,Strawberry,Upper-Middle,35-44,Male,581.0665996730386,6.050000000000001,3515.452928021884,0.23,808.5541734450334,2021-01
2022-06-01,South,Foodservice,Strawberry,Low,65+,Female,192.2856534668719,4.4,846.0568752542365,0.18000000000000002,152.29023754576258,2022-06
2024-09-01,West,Club,Vanilla,High,55-64,Male,757.8961732790872,4.95,3751.5860577314816,0.28,1050.444096164815,2024-09
2023-03-01,International,Online,LowCal_Protein_Scoop,High,35-44,Other/Non-binary,176.02019960661016,6.5,1144.1312974429661,0.36,411.8872670794678,2023-03
2021-03-01,Midwest,Convenience,LowCal_Protein_Scoop,High,18-24,Other/Non-binary,421.9980541576228,7.15,3017.286087227003,0.26,784.4943826790208,2021-03
2022-10-01,Northeast,Convenience,CookieDough,Low,55-64,Male,560.4213224504472,7.15,4007.0124555206976,0.27,1081.8933629905885,2022-10
2021-08-01,South,Online,CookieDough,Upper-Middle,25-34,Male,401.65861782364334,6.5,2610.7810158536818,0.37,965.9889758658622,2021-08
2020-07-01,Northeast,Convenience,Mint,Low,18-24,Female,392.3825563173336,6.050000000000001,2373.9144657198685,0.22,522.2611824583711,2020-07
2022-01-01,International,Foodservice,Mint,Low,18-24,Other/Non-binary,53.75620196354135,4.4,236.52728863958197,0.17,40.20963906872894,2022-01
2020-05-01,International,Foodservice,CookieDough,Lower-Middle,65+,Other/Non-binary,148.33588008214392,5.2,771.3465764271484,0.22,169.69624681397266,2020-05
2022-12-01,West,Online,LowCal_Protein_Scoop,Low,65+,Male,360.24370145163783,6.5,2341.584059435646,0.36,842.9702613968325,2022-12
2022-12-01,South,Grocery,LowCal_Protein_Scoop,Lower-Middle,55-64,Female,687.9846345882507,6.5,4471.90012482363,0.31,1386.2890386953252,2022-12
2021-03-01,International,Online,CookieDough,Lower-Middle,65+,Other/Non-binary,228.92128807510232,6.5,1487.9883724881652,0.37,550.5556978206212,2021-03
2024-01-01,West,Online,Strawberry,High,35-44,Male,413.5996805322875,5.5,2274.798242927581,0.32999999999999996,750.6834201661017,2024-01
2020-09-01,International,Club,LowCal_Protein_Scoop,High,18-24,Male,254.4342534849093,5.8500000000000005,1488.4403828867196,0.29000000000000004,431.6477110371487,2020-09
2022-01-01,South,Online,CookieDough,Low,25-34,Male,452.8050683754686,6.5,2943.232944440546,0.37,1088.9961894430019,2022-01
2022-10-01,Northeast,Club,NonDairy_Chocolate,High,25-34,Female,294.90705557804466,6.3,1857.9144501416813,0.31000000000000005,575.9534795439213,2022-10
2024-01-01,Midwest,Grocery,Vanilla,Lower-Middle,18-24,Male,880.6142816979334,5.5,4843.378549338634,0.3,1453.01356480159,2024-01
2021-08-01,Midwest,Foodservice,CookieDough,Lower-Middle,25-34,Female,182.01254988251398,5.2,946.4652593890727,0.22,208.222357065596,2021-08
2022-12-01,South,Online,LowCal_Protein_Scoop,Low,18-24,Male,329.9061214329868,6.5,2144.3897893144144,0.36,771.9803241531891,2022-12
2024-03-01,International,Grocery,NonDairy_Chocolate,Lower-Middle,45-54,Female,328.46776420510133,7.0,2299.274349435709,0.32999999999999996,758.760535313784,2024-03
2021-01-01,South,Club,LowCal_Protein_Scoop,Upper-Middle,55-64,Female,639.9777700206873,5.8500000000000005,3743.8699546210214,0.29000000000000004,1085.7222868400963,2021-01
2022-08-01,West,Foodservice,CookieDough,Low,35-44,Male,272.4277739058464,5.2,1416.6244243104013,0.22,311.6573733482883,2022-08
2021-05-01,International,Grocery,Strawberry,Upper-Middle,55-64,Male,536.1245651648976,5.5,2948.6851084069367,0.27999999999999997,825.6318303539422,2021-05
2023-01-01,International,Grocery,Strawberry,High,25-34,Other/Non-binary,448.05181234458774,5.5,2464.2849678952325,0.27999999999999997,689.999791010665,2023-01
2024-05-01,Midwest,Foodservice,Vanilla,Lower-Middle,25-34,Female,211.4840729276478,4.4,930.5299208816504,0.2,186.10598417633008,2024-05
2021-01-01,International,Foodservice,CookieDough,High,65+,Female,130.12843830499327,5.2,676.667879185965,0.22,148.86693342091232,2021-01
2021-11-01,Northeast,Club,NonDairy_Chocolate,Upper-Middle,65+,Male,306.13021347905914,6.3,1928.6203449180725,0.31000000000000005,597.8723069246026,2021-11
2024-05-01,South,Grocery,NonDairy_Chocolate,Upper-Middle,18-24,Other/Non-binary,722.7863462397181,7.0,5059.504423678027,0.32999999999999996,1669.6364598137486,2024-05
2023-03-01,West,Grocery,CookieDough,Lower-Middle,18-24,Female,1357.2853794805721,6.5,8822.35496662372,0.32,2823.15358931959,2023-03
2023-11-01,West,Convenience,Mint,Low,55-64,Female,426.2210187550035,6.050000000000001,2578.6371634677716,0.22,567.3001759629097,2023-11
2023-01-01,International,Foodservice,LowCal_Protein_Scoop,High,65+,Other/Non-binary,65.79034953503135,5.2,342.10981758216303,0.21000000000000002,71.84306169225424,2023-01
2021-10-01,International,Club,Strawberry,Lower-Middle,65+,Other/Non-binary,278.41705233732665,4.95,1378.164409069767,0.26,358.32274635813945,2021-10
2024-02-01,International,Online,Chocolate,Lower-Middle,45-54,Other/Non-binary,224.0515689939019,6.0,1344.3094139634113,0.35,470.5082948871939,2024-02
2020-07-01,International,Grocery,LowCal_Protein_Scoop,Low,35-44,Female,285.5806762775151,6.5,1856.2743958038484,0.31,575.445062699193,2020-07
2024-06-01,Midwest,Online,CookieDough,Lower-Middle,35-44,Male,495.47152983099636,6.5,3220.5649439014765,0.37,1191.6090292435463,2024-06
2024-08-01,Midwest,Convenience,Mint,Upper-Middle,45-54,Male,363.46623846682553,6.050000000000001,2198.9707427242947,0.22,483.7735633993448,2024-08
2024-04-01,West,Grocery,Vanilla,Upper-Middle,55-64,Male,1355.9961894720097,5.5,7457.9790420960535,0.3,2237.393712628816,2024-04
2022-03-01,Northeast,Online,Vanilla,Upper-Middle,35-44,Male,484.3890833581436,5.5,2664.1399584697897,0.35,932.4489854644263,2022-03
2020-07-01,Midwest,Convenience,Strawberry,Upper-Middle,35-44,Female,491.5620622890615,6.050000000000001,2973.9504768488223,0.23,684.0086096752292,2020-07
2024-03-01,International,Club,LowCal_Protein_Scoop,High,35-44,Male,370.3845122067633,5.8500000000000005,2166.7493964095656,0.29000000000000004,628.3573249587741,2024-03
2020-07-01,Northeast,Club,Chocolate,Low,18-24,Male,854.3079312609867,5.4,4613.262828809328,0.28,1291.7135920666121,2020-07
2020-08-01,International,Grocery,NonDairy_Chocolate,Upper-Middle,25-34,Male,216.85141477666673,7.0,1517.959903436667,0.32999999999999996,500.92676813410003,2020-08
2024-10-01,Northeast,Online,Chocolate,High,18-24,Male,415.8287568800996,6.0,2494.9725412805974,0.35,873.240389448209,2024-10
2024-07-01,International,Online,Strawberry,Lower-Middle,65+,Female,146.4887871599505,5.5,805.6883293797277,0.32999999999999996,265.8771486953101,2024-07
2024-10-01,West,Club,LowCal_Protein_Scoop,High,45-54,Male,504.7055182842513,5.8500000000000005,2952.5272819628703,0.29000000000000004,856.2329117692325,2024-10
2024-05-01,International,Online,Mint,High,35-44,Male,127.82407652824419,5.5,703.0324209053431,0.31999999999999995,224.97037468970976,2024-05
2023-11-01,Northeast,Online,NonDairy_Chocolate,High,18-24,Other/Non-binary,141.35512847390885,7.0,989.4858993173619,0.38,376.00464174059755,2023-11
2022-08-01,International,Online,Strawberry,High,45-54,Female,117.03408448597044,5.5,643.6874646728375,0.32999999999999996,212.41686334203632,2022-08
2024-11-01,Midwest,Online,Vanilla,Lower-Middle,65+,Other/Non-binary,337.8762422348953,5.5,1858.3193322919242,0.35,650.4117663021734,2024-11
2020-07-01,Midwest,Foodservice,Mint,Upper-Middle,45-54,Other/Non-binary,122.68181162869767,4.4,539.7999711662698,0.17,91.76599509826586,2020-07
2020-06-01,International,Online,CookieDough,Lower-Middle,55-64,Other/Non-binary,260.79318109368705,6.5,1695.1556771089658,0.37,627.2076005303173,2020-06
2020-10-01,International,Club,CookieDough,Upper-Middle,25-34,Female,314.68075764694174,5.8500000000000005,1840.8824322346093,0.30000000000000004,552.2647296703828,2020-10
2020-12-01,Northeast,Grocery,LowCal_Protein_Scoop,Low,18-24,Female,716.174091670916,6.5,4655.131595860954,0.31,1443.0907947168957,2020-12
2021-04-01,International,Convenience,Mint,Upper-Middle,18-24,Female,222.18988763996697,6.050000000000001,1344.2488202218003,0.22,295.73474044879606,2021-04
2021-02-01,Midwest,Online,Strawberry,Low,55-64,Female,286.4748329819626,5.5,1575.6115814007944,0.32999999999999996,519.9518218622621,2021-02
2023-04-01,Northeast,Grocery,Mint,Lower-Middle,45-54,Male,675.2925251941969,5.5,3714.108888568083,0.27,1002.8093999133824,2023-04
2020-03-01,South,Club,Chocolate,Upper-Middle,55-64,Other/Non-binary,1242.4669605193121,5.4,6709.321586804286,0.28,1878.6100443052003,2020-03
2024-11-01,Northeast,Online,Strawberry,Upper-Middle,45-54,Other/Non-binary,296.2241815667575,5.5,1629.2329986171665,0.32999999999999996,537.6468895436649,2024-11
2024-03-01,Midwest,Online,NonDairy_Chocolate,Low,25-34,Female,229.70328104404626,7.0,1607.922967308324,0.38,611.010727577163,2024-03
2020-05-01,Midwest,Grocery,Vanilla,High,35-44,Other/Non-binary,1218.4095844030426,5.5,6701.252714216735,0.3,2010.3758142650204,2020-05
2024-12-01,South,Convenience,Vanilla,Lower-Middle,18-24,Other/Non-binary,659.1248945054793,6.050000000000001,3987.7056117581506,0.25,996.9264029395376,2024-12
2023-09-01,West,Foodservice,CookieDough,Upper-Middle,25-34,Male,178.36359131732831,5.2,927.4906748501072,0.22,204.0479484670236,2023-09
2024-01-01,West,Online,Strawberry,Low,18-24,Female,347.7696064600682,5.5,1912.732835530375,0.32999999999999996,631.2018357250237,2024-01
2021-01-01,South,Convenience,Chocolate,Upper-Middle,65+,Other/Non-binary,1084.189491747869,6.6000000000000005,7155.650645535936,0.25,1788.912661383984,2021-01
2021-07-01,Northeast,Club,Strawberry,Lower-Middle,65+,Male,566.4267564144739,4.95,2803.8124442516455,0.26,728.9912355054279,2021-07
2021-04-01,West,Foodservice,Vanilla,Low,55-64,Other/Non-binary,231.37684512897155,4.4,1018.0581185674749,0.2,203.611623713495,2021-04
2020-06-01,International,Online,NonDairy_Chocolate,Upper-Middle,65+,Female,95.4602292539162,7.0,668.2216047774134,0.38,253.9242098154171,2020-06
2024-04-01,South,Online,LowCal_Protein_Scoop,Lower-Middle,35-44,Other/Non-binary,352.90227219909247,6.5,2293.864769294101,0.36,825.7913169458762,2024-04
2024-08-01,South,Grocery,Mint,Upper-Middle,45-54,Male,642.2883642122879,5.5,3532.5860031675834,0.27,953.7982208552476,2024-08
2020-08-01,Midwest,Convenience,Vanilla,Upper-Middle,25-34,Other/Non-binary,507.9160404645054,6.050000000000001,3072.892044810258,0.25,768.2230112025645,2020-08
2023-04-01,International,Grocery,Strawberry,High,55-64,Other/Non-binary,497.068769427076,5.5,2733.878231848918,0.27999999999999997,765.485904917697,2023-04
2024-05-01,Northeast,Club,Chocolate,Lower-Middle,55-64,Other/Non-binary,1036.2747791793104,5.4,5595.883807568276,0.28,1566.8474661191174,2024-05
2021-08-01,Northeast,Online,CookieDough,Lower-Middle,55-64,Male,441.3047457247598,6.5,2868.480847210939,0.37,1061.3379134680474,2021-08
2023-12-01,West,Convenience,Strawberry,Low,45-54,Male,666.8176567635799,6.050000000000001,4034.2468234196585,0.23,927.8767693865215,2023-12
2022-09-01,Northeast,Convenience,CookieDough,Low,35-44,Female,709.5435604602962,7.15,5073.236457291118,0.27,1369.773843468602,2022-09
2024-01-01,Northeast,Online,NonDairy_Chocolate,High,45-54,Other/Non-binary,175.7392417945888,7.0,1230.1746925621214,0.38,467.4663831736062,2024-01
2020-03-01,Midwest,Convenience,Strawberry,High,25-34,Other/Non-binary,590.5062953917726,6.050000000000001,3572.5630871202247,0.23,821.6895100376518,2020-03
2024-08-01,International,Convenience,Vanilla,Lower-Middle,35-44,Female,290.5289063573878,6.050000000000001,1757.6998834621966,0.25,439.42497086554914,2024-08
2023-06-01,International,Club,Strawberry,Low,25-34,Other/Non-binary,361.2626592556845,4.95,1788.2501633156385,0.26,464.945042462066,2023-06
2020-01-01,South,Foodservice,Strawberry,Upper-Middle,65+,Female,161.32023934956854,4.4,709.8090531381016,0.18000000000000002,127.7656295648583,2020-01
2021-03-01,West,Online,CookieDough,High,35-44,Other/Non-binary,694.5552852417243,6.5,4514.609354071208,0.37,1670.405461006347,2021-03
2021-07-01,Midwest,Grocery,Vanilla,Low,25-34,Male,980.3975852809606,5.5,5392.186719045283,0.3,1617.6560157135848,2021-07
2023-04-01,South,Club,CookieDough,Lower-Middle,18-24,Female,1387.1433185402045,5.8500000000000005,8114.788413460197,0.30000000000000004,2434.4365240380594,2023-04
2024-06-01,Midwest,Foodservice,Vanilla,Upper-Middle,45-54,Male,211.43604928680364,4.4,930.3186168619361,0.2,186.06372337238724,2024-06
2023-06-01,International,Club,Mint,Upper-Middle,25-34,Female,287.93978031623874,4.95,1425.3019125653818,0.25,356.32547814134546,2023-06
2021-01-01,South,Convenience,Mint,Lower-Middle,45-54,Male,551.6282248014285,6.050000000000001,3337.3507600486428,0.22,734.2171672107014,2021-01
2021-02-01,International,Convenience,NonDairy_Chocolate,Upper-Middle,35-44,Other/Non-binary,179.60249514654006,7.700000000000001,1382.9392126283587,0.28,387.2229795359405,2021-02
2022-10-01,International,Foodservice,Vanilla,Low,35-44,Other/Non-binary,88.43675628520172,4.4,389.1217276548876,0.2,77.82434553097752,2022-10
2022-10-01,South,Foodservice,NonDairy_Chocolate,Low,18-24,Female,90.39684064927118,5.6000000000000005,506.2223076359187,0.23,116.43113075626131,2022-10
2022-06-01,International,Convenience,Strawberry,Upper-Middle,35-44,Other/Non-binary,341.8965949409743,6.050000000000001,2068.4743993928946,0.23,475.74911186036576,2022-06
2024-02-01,Midwest,Club,Mint,Low,18-24,Female,507.67133418101287,4.95,2512.973104196014,0.25,628.2432760490035,2024-02
2020-02-01,Northeast,Online,Mint,Upper-Middle,45-54,Other/Non-binary,245.00210365268387,5.5,1347.5115700897613,0.31999999999999995,431.20370242872355,2020-02
2022-09-01,International,Online,Chocolate,Upper-Middle,65+,Other/Non-binary,232.20550572881237,6.0,1393.2330343728743,0.35,487.63156203050596,2022-09
2024-02-01,Northeast,Club,Chocolate,Lower-Middle,35-44,Other/Non-binary,898.6307630818264,5.4,4852.6061206418635,0.28,1358.7297137797218,2024-02
2020-03-01,South,Convenience,Chocolate,Lower-Middle,25-34,Male,1005.0983443864046,6.6000000000000005,6633.649072950271,0.25,1658.4122682375678,2020-03
2021-04-01,International,Club,Strawberry,Upper-Middle,45-54,Male,457.7817147416061,4.95,2266.01948797095,0.26,589.165066872447,2021-04
2024-10-01,Midwest,Foodservice,LowCal_Protein_Scoop,Lower-Middle,45-54,Female,95.84018424593714,5.2,498.3689580788731,0.21000000000000002,104.65748119656337,2024-10
2020-01-01,South,Foodservice,LowCal_Protein_Scoop,Low,18-24,Male,170.54423411124702,5.2,886.8300173784845,0.21000000000000002,186.23430364948177,2020-01
2021-05-01,Midwest,Online,Strawberry,Lower-Middle,45-54,Male,279.73071887914404,5.5,1538.5189538352922,0.32999999999999996,507.71125476564634,2021-05
2024-12-01,South,Foodservice,Chocolate,High,55-64,Other/Non-binary,207.42923790332893,4.800000000000001,995.660341935979,0.2,199.1320683871958,2024-12
2021-05-01,Northeast,Club,LowCal_Protein_Scoop,Low,45-54,Other/Non-binary,782.9940129993179,5.8500000000000005,4580.51497604601,0.29000000000000004,1328.349343053343,2021-05
2020-09-01,International,Club,Mint,Low,65+,Other/Non-binary,226.92546317301114,4.95,1123.2810427064053,0.25,280.8202606766013,2020-09
2024-12-01,West,Club,Mint,Low,65+,Other/Non-binary,445.8715263943058,4.95,2207.0640556518138,0.25,551.7660139129534,2024-12
2020-05-01,Midwest,Convenience,Chocolate,Upper-Middle,25-34,Male,729.8565580347607,6.6000000000000005,4817.053283029421,0.25,1204.2633207573554,2020-05
2024-10-01,South,Grocery,Vanilla,Low,55-64,Male,976.6508340071205,5.5,5371.579587039163,0.3,1611.473876111749,2024-10
2022-11-01,Midwest,Convenience,Mint,Low,25-34,Other/Non-binary,251.21331151892474,6.050000000000001,1519.840534689495,0.22,334.3649176316889,2022-11
2021-03-01,Midwest,Foodservice,Chocolate,Low,65+,Female,265.4460505743637,4.800000000000001,1274.141042756946,0.2,254.82820855138922,2021-03
2020-09-01,International,Convenience,Chocolate,Lower-Middle,45-54,Male,281.87032249167635,6.6000000000000005,1860.3441284450641,0.25,465.08603211126604,2020-09
2020-02-01,Northeast,Foodservice,CookieDough,High,35-44,Other/Non-binary,220.2113821821379,5.2,1145.099187347117,0.22,251.92182121636577,2020-02
2022-03-01,International,Foodservice,Vanilla,High,25-34,Male,120.6901937693436,4.4,531.0368525851119,0.2,106.20737051702238,2022-03
2020-04-01,Northeast,Club,Chocolate,High,35-44,Male,1341.2785239922014,5.4,7242.904029557888,0.28,2028.0131282762088,2020-04
2020-10-01,International,Online,Vanilla,Lower-Middle,65+,Male,174.10140219921286,5.5,957.5577120956707,0.35,335.14519923348473,2020-10
2020-04-01,West,Grocery,LowCal_Protein_Scoop,High,18-24,Female,904.6643864064505,6.5,5880.318511641928,0.31,1822.8987386089977,2020-04
2023-04-01,Midwest,Online,Vanilla,Low,45-54,Male,359.60497550715473,5.5,1977.827365289351,0.35,692.2395778512729,2023-04
2024-09-01,West,Club,LowCal_Protein_Scoop,Low,35-44,Other/Non-binary,587.6445020983427,5.8500000000000005,3437.720337275305,0.29000000000000004,996.9388978098386,2024-09
2021-08-01,South,Foodservice,Strawberry,Lower-Middle,35-44,Other/Non-binary,161.6533944503702,4.4,711.2749355816289,0.18000000000000002,128.0294884046932,2021-08
2023-05-01,South,Club,Mint,High,55-64,Female,586.9008783753073,4.95,2905.1593479577714,0.25,726.2898369894428,2023-05
2021-02-01,South,Club,Strawberry,High,35-44,Male,734.0545368697252,4.95,3633.56995750514,0.26,944.7281889513364,2021-02
2024-08-01,International,Foodservice,Mint,High,65+,Male,63.42329020967964,4.4,279.06247692259046,0.17,47.44062107684038,2024-08
2024-01-01,International,Foodservice,NonDairy_Chocolate,Lower-Middle,18-24,Female,51.21844129540314,5.6000000000000005,286.8232712542576,0.23,65.96935238847925,2024-01
2020-05-01,South,Convenience,Chocolate,Lower-Middle,18-24,Other/Non-binary,900.170836900757,6.6000000000000005,5941.127523544997,0.25,1485.2818808862492,2020-05
2023-08-01,Northeast,Club,Chocolate,Lower-Middle,25-34,Female,864.0885459596458,5.4,4666.078148182088,0.28,1306.5018814909847,2023-08
2022-02-01,South,Convenience,Chocolate,Lower-Middle,45-54,Female,863.0649749555071,6.6000000000000005,5696.228834706347,0.25,1424.0572086765867,2022-02
2024-04-01,South,Foodservice,Mint,Upper-Middle,18-24,Male,169.0198799070129,4.4,743.6874715908568,0.17,126.42687017044567,2024-04
2024-06-01,Midwest,Online,Vanilla,Upper-Middle,18-24,Other/Non-binary,437.2066458075691,5.5,2404.63655194163,0.35,841.6227931795704,2024-06
2024-05-01,South,Foodservice,CookieDough,Upper-Middle,35-44,Other/Non-binary,288.3750883867919,5.2,1499.550459611318,0.22,329.90110111448996,2024-05
2020-01-01,South,Online,Mint,Low,65+,Other/Non-binary,238.00234363325976,5.5,1309.0128899829288,0.31999999999999995,418.8841247945371,2020-01
2024-05-01,Northeast,Foodservice,CookieDough,Lower-Middle,55-64,Other/Non-binary,309.1891561865625,5.2,1607.783612170125,0.22,353.7123946774275,2024-05
2020-03-01,South,Grocery,Vanilla,Low,18-24,Male,1193.4154296610468,5.5,6563.784863135757,0.3,1969.1354589407272,2020-03
2021-12-01,West,Club,Mint,High,55-64,Male,520.7406585312117,4.95,2577.666259729498,0.25,644.4165649323745,2021-12
2020-12-01,West,Club,Chocolate,Low,65+,Other/Non-binary,1224.7577521715252,5.4,6613.691861726236,0.28,1851.8337212833464,2020-12
2022-07-01,South,Grocery,Vanilla,High,45-54,Other/Non-binary,1298.853766734845,5.5,7143.695717041648,0.3,2143.1087151124943,2022-07
2021-07-01,International,Online,LowCal_Protein_Scoop,High,65+,Other/Non-binary,152.48661083648275,6.5,991.1629704371379,0.36,356.81866935736963,2021-07
2024-09-01,Midwest,Online,Strawberry,Upper-Middle,55-64,Male,215.8267213384774,5.5,1187.0469673616258,0.32999999999999996,391.72549922933644,2024-09
2021-10-01,Northeast,Club,Mint,Lower-Middle,55-64,Other/Non-binary,320.3223558621546,4.95,1585.5956615176653,0.25,396.39891537941634,2021-10
2022-06-01,West,Convenience,Strawberry,Lower-Middle,65+,Female,642.0132738562437,6.050000000000001,3884.1803068302747,0.23,893.3614705709632,2022-06
2022-10-01,Northeast,Convenience,Vanilla,Upper-Middle,25-34,Female,543.4956053641665,6.050000000000001,3288.148412453208,0.25,822.037103113302,2022-10
2020-08-01,West,Club,LowCal_Protein_Scoop,High,65+,Female,708.8066729401991,5.8500000000000005,4146.519036700165,0.29000000000000004,1202.490520643048,2020-08
2023-01-01,International,Club,Strawberry,Lower-Middle,45-54,Male,365.60225965108236,4.95,1809.7311852728578,0.26,470.53010817094304,2023-01
2022-04-01,South,Grocery,NonDairy_Chocolate,High,18-24,Female,581.8091348423109,7.0,4072.663943896176,0.32999999999999996,1343.979101485738,2022-04
2024-05-01,Northeast,Online,Mint,High,55-64,Male,283.8288208350599,5.5,1561.0585145928294,0.31999999999999995,499.53872466970535,2024-05
2023-04-01,West,Club,LowCal_Protein_Scoop,Lower-Middle,35-44,Female,880.1724551882098,5.8500000000000005,5149.0088628510275,0.29000000000000004,1493.212570226798,2023-04
2024-01-01,West,Online,NonDairy_Chocolate,Lower-Middle,45-54,Male,259.684821725218,7.0,1817.793752076526,0.38,690.7616257890799,2024-01
2023-09-01,Northeast,Online,LowCal_Protein_Scoop,Low,55-64,Female,188.02536106119584,6.5,1222.164846897773,0.36,439.9793448831983,2023-09
2024-04-01,South,Club,Mint,Low,55-64,Other/Non-binary,738.7375944584034,4.95,3656.7510925690967,0.25,914.1877731422742,2024-04
2020-01-01,West,Convenience,Strawberry,Low,65+,Male,589.2479977296339,6.050000000000001,3564.9503862642855,0.23,819.9385888407857,2020-01
2024-10-01,South,Club,Chocolate,Low,25-34,Female,857.6818517126537,5.4,4631.481999248331,0.28,1296.8149597895328,2024-10
2022-10-01,Northeast,Club,NonDairy_Chocolate,High,45-54,Female,322.756531836342,6.3,2033.3661505689545,0.31000000000000005,630.343506676376,2022-10
2024-02-01,International,Grocery,CookieDough,Lower-Middle,18-24,Male,538.6739926791284,6.5,3501.380952414335,0.32,1120.4419047725871,2024-02
2022-08-01,West,Foodservice,Vanilla,Lower-Middle,25-34,Other/Non-binary,256.938244412363,4.4,1130.5282754143973,0.2,226.10565508287948,2022-08
2020-01-01,International,Foodservice,NonDairy_Chocolate,High,25-34,Male,59.72699845888324,5.6000000000000005,334.4711913697462,0.23,76.92837401504163,2020-01
2023-05-01,Northeast,Club,Strawberry,Low,55-64,Other/Non-binary,705.8819805265383,4.95,3494.115803606365,0.26,908.4701089376549,2023-05
2023-05-01,International,Foodservice,CookieDough,High,55-64,Male,126.57307777747396,5.2,658.1800044428646,0.22,144.79960097743023,2023-05
2021-03-01,South,Convenience,Chocolate,Lower-Middle,25-34,Female,1156.2670415585321,6.6000000000000005,7631.362474286313,0.25,1907.8406185715783,2021-03
2021-03-01,West,Foodservice,NonDairy_Chocolate,High,45-54,Other/Non-binary,154.61911103000705,5.6000000000000005,865.8670217680395,0.23,199.1494150066491,2021-03
2023-12-01,West,Grocery,Mint,Low,25-34,Female,600.2751320071989,5.5,3301.513226039594,0.27,891.4085710306904,2023-12
2021-10-01,International,Club,Vanilla,High,35-44,Female,326.0345791768364,4.95,1613.8711669253403,0.28,451.88392673909533,2021-10
2023-06-01,South,Online,Mint,Lower-Middle,55-64,Other/Non-binary,265.2911774717295,5.5,1459.1014760945122,0.31999999999999995,466.91247235024383,2023-06
2024-08-01,International,Club,CookieDough,Lower-Middle,25-34,Female,398.8720055956911,5.8500000000000005,2333.401232734793,0.30000000000000004,700.0203698204381,2024-08
2022-10-01,West,Club,LowCal_Protein_Scoop,Lower-Middle,25-34,Other/Non-binary,606.2234312352149,5.8500000000000005,3546.4070727260073,0.29000000000000004,1028.4580510905423,2022-10
2021-03-01,Midwest,Convenience,Mint,Upper-Middle,18-24,Male,483.85507719382497,6.050000000000001,2927.3232170226415,0.22,644.0111077449811,2021-03
2022-12-01,Midwest,Online,Strawberry,Upper-Middle,45-54,Female,281.81591312700607,5.5,1549.9875221985335,0.32999999999999996,511.495882325516,2022-12
2023-01-01,West,Foodservice,Vanilla,Lower-Middle,35-44,Male,199.538609850391,4.4,877.9698833417204,0.2,175.5939766683441,2023-01
2022-11-01,Midwest,Online,NonDairy_Chocolate,Low,18-24,Female,171.92685266384277,7.0,1203.4879686468994,0.38,457.3254280858218,2022-11
2023-02-01,Midwest,Club,LowCal_Protein_Scoop,Upper-Middle,55-64,Male,472.38507857831183,5.8500000000000005,2763.4527096831243,0.29000000000000004,801.4012858081062,2023-02
2023-02-01,Midwest,Foodservice,LowCal_Protein_Scoop,Lower-Middle,45-54,Female,133.03507884417982,5.2,691.7824099897351,0.21000000000000002,145.2743060978444,2023-02
2024-02-01,West,Club,NonDairy_Chocolate,Lower-Middle,18-24,Female,458.5392180390406,6.3,2888.7970736459556,0.31000000000000005,895.5270928302464,2024-02
2023-12-01,Midwest,Club,LowCal_Protein_Scoop,Lower-Middle,65+,Other/Non-binary,431.51784732897875,5.8500000000000005,2524.379406874526,0.29000000000000004,732.0700279936126,2023-12
2024-06-01,International,Convenience,CookieDough,High,65+,Female,381.3327866705712,7.15,2726.529424694584,0.27,736.1629446675378,2024-06
2023-05-01,South,Grocery,Chocolate,Upper-Middle,35-44,Male,1560.886420095104,6.0,9365.318520570625,0.3,2809.5955561711876,2023-05
2024-11-01,West,Grocery,Strawberry,Low,25-34,Male,817.4623191331696,5.5,4496.042755232433,0.27999999999999997,1258.891971465081,2024-11
2020-02-01,Northeast,Online,LowCal_Protein_Scoop,Upper-Middle,45-54,Other/Non-binary,255.4712495909371,6.5,1660.5631223410912,0.36,597.8027240427929,2020-02
2021-11-01,International,Foodservice,LowCal_Protein_Scoop,Upper-Middle,18-24,Other/Non-binary,65.33695288022966,5.2,339.75215497719427,0.21000000000000002,71.3479525452108,2021-11
2021-12-01,International,Club,Mint,Low,35-44,Other/Non-binary,239.7517112444947,4.95,1186.7709706602488,0.25,296.6927426650622,2021-12
2021-07-01,West,Convenience,LowCal_Protein_Scoop,Lower-Middle,18-24,Female,515.1696212898183,7.15,3683.462792222201,0.26,957.7003259777723,2021-07
2021-12-01,Northeast,Grocery,NonDairy_Chocolate,Lower-Middle,45-54,Other/Non-binary,486.2447836028158,7.0,3403.7134852197105,0.32999999999999996,1123.2254501225043,2021-12
2023-06-01,International,Club,LowCal_Protein_Scoop,Low,65+,Female,306.37852544478267,5.8500000000000005,1792.3143738519789,0.29000000000000004,519.7711684170739,2023-06
2020-04-01,Northeast,Club,NonDairy_Chocolate,Lower-Middle,65+,Male,464.22868685831264,6.3,2924.6407272073698,0.31000000000000005,906.6386254342848,2020-04
2022-12-01,South,Online,NonDairy_Chocolate,Low,65+,Male,227.44531531254722,7.0,1592.1172071878304,0.38,605.0045387313755,2022-12
2022-12-01,Midwest,Convenience,Vanilla,High,45-54,Male,506.74996429390166,6.050000000000001,3065.8372839781055,0.25,766.4593209945264,2022-12
2020-05-01,South,Online,Mint,Upper-Middle,25-34,Other/Non-binary,276.1216521583176,5.5,1518.669086870747,0.31999999999999995,485.97410779863895,2020-05
2023-01-01,South,Grocery,Strawberry,Low,25-34,Female,734.2778229730277,5.5,4038.5280263516524,0.27999999999999997,1130.7878473784626,2023-01
2024-03-01,Midwest,Foodservice,Chocolate,Upper-Middle,25-34,Female,256.5729904407332,4.800000000000001,1231.5503541155194,0.2,246.3100708231039,2024-03
